date	price	size	side
2021-08-05T15:17:27.7242815Z	4472745.0	0.02	BUY
2021-08-05T15:17:30.1619966Z	4472549.0	0.025	BUY
2021-08-05T15:17:31.6416372Z	4473282.0	0.01	BUY
2021-08-05T15:17:32.2368564Z	4472577.0	0.02	SELL
2021-08-05T15:17:34.1278181Z	4471924.0	0.03	SELL
2021-08-05T15:17:34.1278181Z	4471782.0	0.012	SELL
2021-08-05T15:17:34.1278181Z	4471782.0	0.059	SELL
2021-08-05T15:17:35.3895735Z	4472527.0	0.02	BUY
2021-08-05T15:17:35.5731291Z	4472576.0	0.02	BUY
2021-08-05T15:17:35.741842Z	4472981.0	0.01	BUY
2021-08-05T15:17:35.741842Z	4473300.0	0.01	BUY
2021-08-05T15:17:36.0660063Z	4473500.0	0.02	BUY
2021-08-05T15:17:36.0660063Z	4473500.0	0.02	BUY
2021-08-05T15:17:36.5747636Z	4474679.0	0.01	BUY
2021-08-05T15:17:36.5747636Z	4474681.0	0.01	BUY
2021-08-05T15:17:36.5747636Z	4474681.0	0.01	BUY
2021-08-05T15:17:36.5747636Z	4474682.0	0.01	BUY
2021-08-05T15:17:37.1721839Z	4474500.0	0.02	BUY
2021-08-05T15:17:38.4755018Z	4474373.0	0.01	BUY
2021-08-05T15:17:38.8284793Z	4474500.0	0.08	BUY
2021-08-05T15:17:38.8530799Z	4474500.0	0.089	BUY
2021-08-05T15:17:38.8530799Z	4474500.0	0.001	BUY
2021-08-05T15:17:38.8530799Z	4474682.0	0.009	BUY
2021-08-05T15:17:39.1461149Z	4474682.0	0.001	BUY
2021-08-05T15:17:39.1461149Z	4474701.0	0.03	BUY
2021-08-05T15:17:39.1461149Z	4474808.0	0.028	BUY
2021-08-05T15:17:39.3371035Z	4474808.0	0.09078	BUY
2021-08-05T15:17:39.7072153Z	4473793.0	0.01	SELL
2021-08-05T15:17:39.7239954Z	4474808.0	8.46e-06	BUY
2021-08-05T15:17:39.7239954Z	4474871.0	0.04999154	BUY
2021-08-05T15:17:40.1137487Z	4474871.0	8.46e-06	BUY
2021-08-05T15:17:40.1137487Z	4475000.0	0.53085154	BUY
2021-08-05T15:17:40.1305064Z	4474010.0	0.01	SELL
2021-08-05T15:17:40.1305064Z	4475000.0	0.02	BUY
2021-08-05T15:17:40.1305064Z	4475000.0	0.06	BUY
2021-08-05T15:17:40.2540687Z	4475000.0	0.14	BUY
2021-08-05T15:17:43.8356294Z	4474273.0	0.01	SELL
2021-08-05T15:17:43.8356294Z	4474273.0	0.01	SELL
2021-08-05T15:17:44.1449346Z	4474270.0	0.01	SELL
2021-08-05T15:17:44.1449346Z	4474270.0	0.01	SELL
2021-08-05T15:17:44.1617334Z	4474260.0	0.01	SELL
2021-08-05T15:17:44.1617334Z	4474210.0	0.01	SELL
2021-08-05T15:17:44.6906408Z	4474320.0	0.02	SELL
2021-08-05T15:17:44.9092159Z	4474320.0	0.02	SELL
2021-08-05T15:17:44.9097612Z	4474841.0	0.01	BUY
2021-08-05T15:17:45.0772806Z	4474112.0	0.08	SELL
2021-08-05T15:17:45.0772806Z	4474112.0	0.089	SELL
2021-08-05T15:17:45.2369473Z	4474112.0	0.031	SELL
2021-08-05T15:17:45.3197502Z	4474014.0	0.01	SELL
2021-08-05T15:17:45.3207823Z	4473895.0	0.01	SELL
2021-08-05T15:17:45.6062531Z	4473895.0	0.01	SELL
2021-08-05T15:17:45.6062531Z	4473603.0	0.01	SELL
2021-08-05T15:17:45.9310159Z	4473603.0	0.00864488	SELL
2021-08-05T15:17:45.9310159Z	4473567.0	0.01	SELL
2021-08-05T15:17:45.9310159Z	4473315.0	0.00135512	SELL
2021-08-05T15:17:46.2709407Z	4473321.0	0.02	SELL
2021-08-05T15:17:46.3044917Z	4473321.0	0.02	SELL
2021-08-05T15:17:46.5225313Z	4473321.0	0.01939618	SELL
2021-08-05T15:17:46.5225313Z	4473318.0	0.00060382	SELL
2021-08-05T15:17:47.3874268Z	4474691.0	0.1	BUY
2021-08-05T15:17:49.2873635Z	4473691.0	0.01	BUY
2021-08-05T15:17:51.722841Z	4474488.0	0.01	BUY
2021-08-05T15:17:52.0723687Z	4474486.0	0.01	BUY
2021-08-05T15:17:52.2544161Z	4473873.0	0.02	SELL
2021-08-05T15:17:53.2870591Z	4473553.0	0.02	SELL
2021-08-05T15:17:53.8451148Z	4474060.0	0.01	BUY
2021-08-05T15:17:54.3723332Z	4474060.0	0.02	BUY
2021-08-05T15:17:55.2707777Z	4472862.0	0.03	SELL
2021-08-05T15:17:55.2707777Z	4472321.0	0.01	SELL
2021-08-05T15:17:55.5728953Z	4472703.0	0.02	SELL
2021-08-05T15:17:55.6401534Z	4472321.0	0.05327	SELL
2021-08-05T15:17:56.0948968Z	4472600.0	0.01	BUY
2021-08-05T15:17:58.7257917Z	4471164.0	0.06	SELL
2021-08-05T15:17:58.7257917Z	4471158.0	0.02	SELL
2021-08-05T15:17:58.7257917Z	4471157.0	0.06518999	SELL
2021-08-05T15:17:58.7268257Z	4471109.0	0.27	SELL
2021-08-05T15:17:58.7268257Z	4470939.0	0.07	SELL
2021-08-05T15:17:58.7268257Z	4470770.0	0.01481001	SELL
2021-08-05T15:17:59.7242542Z	4472125.0	0.03	BUY
2021-08-05T15:18:01.2187743Z	4471169.0	0.04	SELL
2021-08-05T15:18:01.6915552Z	4471168.0	0.06	SELL
2021-08-05T15:18:03.8600755Z	4471883.0	0.02	BUY
2021-08-05T15:18:03.8600755Z	4471933.0	0.01	BUY
2021-08-05T15:18:03.8611021Z	4472183.0	0.02	BUY
2021-08-05T15:18:03.8611021Z	4472704.0	0.01481001	BUY
2021-08-05T15:18:03.8611021Z	4472789.0	0.02	BUY
2021-08-05T15:18:03.8611021Z	4472791.0	0.00518999	BUY
2021-08-05T15:18:03.8778799Z	4472791.0	0.01481001	BUY
2021-08-05T15:18:03.8778799Z	4472865.0	0.04518999	BUY
2021-08-05T15:18:03.8778799Z	4472865.0	0.06	BUY
2021-08-05T15:18:03.8778799Z	4472865.0	0.04	BUY
2021-08-05T15:18:03.8778799Z	4472865.0	0.04	BUY
2021-08-05T15:18:03.8778799Z	4472865.0	0.04	BUY
2021-08-05T15:18:03.9512493Z	4472789.0	0.01	BUY
2021-08-05T15:18:03.9512493Z	4472865.0	0.04481001	BUY
2021-08-05T15:18:03.9512493Z	4472950.0	0.00518999	BUY
2021-08-05T15:18:03.9762895Z	4472950.0	0.06	BUY
2021-08-05T15:18:03.9762895Z	4473345.0	0.01	BUY
2021-08-05T15:18:04.5735255Z	4472231.0	0.01	BUY
2021-08-05T15:18:04.5735255Z	4472567.0	0.02	BUY
2021-08-05T15:18:05.1715491Z	4472949.0	0.01	BUY
2021-08-05T15:18:05.2183262Z	4472949.0	0.031685	BUY
2021-08-05T15:18:05.4210765Z	4473637.0	0.01	BUY
2021-08-05T15:18:05.4210765Z	4473689.0	0.01	BUY
2021-08-05T15:18:05.4210765Z	4473689.0	0.01	BUY
2021-08-05T15:18:05.4210765Z	4473690.0	0.01	BUY
2021-08-05T15:18:05.5553914Z	4473690.0	0.01	BUY
2021-08-05T15:18:05.5553914Z	4473691.0	0.15	BUY
2021-08-05T15:18:05.5553914Z	4474462.0	0.06	BUY
2021-08-05T15:18:05.5553914Z	4474488.0	0.18	BUY
2021-08-05T15:18:05.5553914Z	4472314.0	0.05396036	SELL
2021-08-05T15:18:05.5553914Z	4472276.0	0.01142039	SELL
2021-08-05T15:18:05.5553914Z	4471775.0	0.02	SELL
2021-08-05T15:18:05.5553914Z	4471726.0	0.01461925	SELL
2021-08-05T15:18:05.8843774Z	4473689.0	0.1	BUY
2021-08-05T15:18:06.2870295Z	4473689.0	0.02	BUY
2021-08-05T15:18:06.7061268Z	4472374.0	0.01	SELL
2021-08-05T15:18:06.7061268Z	4473465.0	0.02	BUY
2021-08-05T15:18:06.7061268Z	4473686.0	0.01	BUY
2021-08-05T15:18:06.7061268Z	4474487.0	0.174	BUY
2021-08-05T15:18:06.7061268Z	4474488.0	0.09	BUY
2021-08-05T15:18:06.7061268Z	4474735.0	0.006	BUY
2021-08-05T15:18:08.16686Z	4472857.0	0.01	SELL
2021-08-05T15:18:08.16686Z	4472850.0	0.01	SELL
2021-08-05T15:18:08.16686Z	4472847.0	0.02	SELL
2021-08-05T15:18:08.16686Z	4472840.0	0.025	SELL
2021-08-05T15:18:08.16686Z	4472662.0	0.01	SELL
2021-08-05T15:18:08.16686Z	4472617.0	0.005	SELL
2021-08-05T15:18:08.2336874Z	4472617.0	0.005	SELL
2021-08-05T15:18:09.340977Z	4472860.0	0.01	SELL
2021-08-05T15:18:09.340977Z	4472758.0	0.01	SELL
2021-08-05T15:18:09.4081208Z	4472758.0	0.02	SELL
2021-08-05T15:18:09.4081208Z	4472725.0	0.01	SELL
2021-08-05T15:18:09.4081208Z	4472618.0	0.01	SELL
2021-08-05T15:18:09.4081208Z	4472618.0	0.01	SELL
2021-08-05T15:18:09.4081208Z	4472460.0	0.03	SELL
2021-08-05T15:18:09.7268987Z	4472382.0	0.01	SELL
2021-08-05T15:18:10.2159604Z	4472382.0	0.04950213	SELL
2021-08-05T15:18:10.2159604Z	4472382.0	0.01	SELL
2021-08-05T15:18:10.2159604Z	4472375.0	0.00049787	SELL
2021-08-05T15:18:10.2199315Z	4472375.0	0.06	SELL
2021-08-05T15:18:10.3880785Z	4472375.0	0.04	SELL
2021-08-05T15:18:10.7742756Z	4472375.0	0.04	SELL
2021-08-05T15:18:12.0591108Z	4472711.0	0.02	BUY
2021-08-05T15:18:18.3209217Z	4473986.0	0.01	BUY
2021-08-05T15:18:18.3209217Z	4473989.0	0.01	BUY
2021-08-05T15:18:18.3209217Z	4474279.0	0.02	BUY
2021-08-05T15:18:19.2097969Z	4474200.0	0.02	BUY
2021-08-05T15:18:21.1094898Z	4472757.0	0.01	SELL
2021-08-05T15:18:21.1094898Z	4472715.0	0.01	SELL
2021-08-05T15:18:23.3195794Z	4472716.0	0.02	SELL
2021-08-05T15:18:23.5239457Z	4472728.0	0.02	SELL
2021-08-05T15:18:23.5239457Z	4472715.0	0.005	SELL
2021-08-05T15:18:23.9119031Z	4472715.0	0.005	SELL
2021-08-05T15:18:23.9119031Z	4472711.0	0.02	SELL
2021-08-05T15:18:24.837744Z	4473660.0	0.01	BUY
2021-08-05T15:18:24.837744Z	4473901.0	0.03	BUY
2021-08-05T15:18:24.9766811Z	4472834.0	0.03	SELL
2021-08-05T15:18:25.1612569Z	4473901.0	0.24	BUY
2021-08-05T15:18:25.1612569Z	4473901.0	0.02	BUY
2021-08-05T15:18:25.1612569Z	4473902.0	0.01	BUY
2021-08-05T15:18:25.1612569Z	4474042.0	0.13	BUY
2021-08-05T15:18:25.6363505Z	4473077.0	0.02	SELL
2021-08-05T15:18:25.6363505Z	4472914.0	0.011	SELL
2021-08-05T15:18:25.8050871Z	4473785.0	0.01	BUY
2021-08-05T15:18:25.9272368Z	4472914.0	0.02	SELL
2021-08-05T15:18:25.9662363Z	4472914.0	0.011	SELL
2021-08-05T15:18:26.1611656Z	4472757.0	0.01	SELL
2021-08-05T15:18:26.3522243Z	4472711.0	0.03	SELL
2021-08-05T15:18:26.3522243Z	4472711.0	0.01	SELL
2021-08-05T15:18:26.3857357Z	4472711.0	0.09	SELL
2021-08-05T15:18:27.9553847Z	4472361.0	0.01	BUY
2021-08-05T15:18:28.4545404Z	4472361.0	0.01	BUY
2021-08-05T15:18:29.0981104Z	4473523.0	0.02	BUY
2021-08-05T15:18:29.0981104Z	4473578.0	0.02	BUY
2021-08-05T15:18:29.0981104Z	4473621.0	0.05726469	BUY
2021-08-05T15:18:29.0981104Z	4473743.0	0.00273531	BUY
2021-08-05T15:18:29.0981104Z	4473743.0	0.04645439	BUY
2021-08-05T15:18:29.0981104Z	4473756.0	0.01354561	BUY
2021-08-05T15:18:29.2189115Z	4473784.0	0.04	BUY
2021-08-05T15:18:29.2349498Z	4473784.0	0.02	BUY
2021-08-05T15:18:29.2349498Z	4473784.0	0.04	BUY
2021-08-05T15:18:31.0418301Z	4472921.0	0.01	SELL
2021-08-05T15:18:32.8463848Z	4472921.0	0.13478	BUY
2021-08-05T15:18:32.8463848Z	4472921.0	0.34522	BUY
2021-08-05T15:18:33.2221963Z	4472747.0	0.01	BUY
2021-08-05T15:18:34.9938318Z	4473783.0	0.27	BUY
2021-08-05T15:18:34.9938318Z	4473784.0	0.03	BUY
2021-08-05T15:18:36.5027704Z	4473784.0	0.02	BUY
2021-08-05T15:18:41.6414433Z	4473095.0	0.02	SELL
2021-08-05T15:18:43.286712Z	4472941.0	0.01	SELL
2021-08-05T15:18:43.8786004Z	4473095.0	0.09	SELL
2021-08-05T15:18:44.5718477Z	4473614.0	0.02	BUY
2021-08-05T15:18:46.212544Z	4474198.0	0.089	BUY
2021-08-05T15:18:46.2145422Z	4474198.0	0.08	BUY
2021-08-05T15:18:46.2285418Z	4474198.0	0.1	BUY
2021-08-05T15:18:48.0084277Z	4474273.0	0.01	BUY
2021-08-05T15:18:50.753907Z	4474198.0	0.01378	BUY
2021-08-05T15:18:51.1104524Z	4474198.0	0.01622	BUY
2021-08-05T15:18:51.5529917Z	4473784.0	0.01	SELL
2021-08-05T15:18:53.0074451Z	4474735.0	0.089	BUY
2021-08-05T15:18:53.0074451Z	4474735.0	0.079	BUY
2021-08-05T15:18:53.0074451Z	4474735.0	0.07	BUY
2021-08-05T15:18:53.0282219Z	4474735.0	0.122	BUY
2021-08-05T15:18:53.4202329Z	4474790.0	0.01	BUY
2021-08-05T15:18:53.6045786Z	4475000.0	0.01	BUY
2021-08-05T15:18:53.7904309Z	4475000.0	0.08	BUY
2021-08-05T15:18:53.7904309Z	4475000.0	0.05	BUY
2021-08-05T15:18:53.8071658Z	4475000.0	0.01	BUY
2021-08-05T15:18:53.857592Z	4475000.0	0.09914846	BUY
2021-08-05T15:18:54.0428208Z	4475169.0	0.03	BUY
2021-08-05T15:18:54.0428208Z	4475350.0	0.02	BUY
2021-08-05T15:18:54.0428208Z	4475475.0	0.01	BUY
2021-08-05T15:18:54.0428208Z	4475528.0	0.01	BUY
2021-08-05T15:18:54.0428208Z	4475528.0	0.04	BUY
2021-08-05T15:18:54.0428208Z	4476161.0	0.042	BUY
2021-08-05T15:18:54.0428208Z	4476317.0	0.01	BUY
2021-08-05T15:18:54.0428208Z	4476381.0	0.06	BUY
2021-08-05T15:18:54.0428208Z	4476388.0	0.1	BUY
2021-08-05T15:18:54.0428208Z	4476432.0	0.048	BUY
2021-08-05T15:18:54.5793884Z	4475000.0	0.089	SELL
2021-08-05T15:18:54.6298019Z	4475000.0	0.08	SELL
2021-08-05T15:18:54.7975545Z	4475000.0	0.001	SELL
2021-08-05T15:18:55.1319682Z	4474754.0	0.1	SELL
2021-08-05T15:18:55.2846691Z	4476128.0	0.01	BUY
2021-08-05T15:18:56.5192743Z	4475000.0	0.09914846	SELL
2021-08-05T15:18:56.6701203Z	4475000.0	0.07085154	SELL
2021-08-05T15:18:57.5705516Z	4474476.0	0.025	SELL
2021-08-05T15:18:57.5705516Z	4474475.0	0.01	SELL
2021-08-05T15:18:57.5705516Z	4474209.0	0.01	SELL
2021-08-05T15:18:57.5705516Z	4473976.0	0.055	SELL
2021-08-05T15:18:59.5865062Z	4475956.0	0.08	BUY
2021-08-05T15:18:59.5865383Z	4475956.0	0.02	BUY
2021-08-05T15:18:59.5865383Z	4475956.0	0.069	BUY
2021-08-05T15:19:00.3367937Z	4475000.0	0.02	BUY
2021-08-05T15:19:00.5048138Z	4475000.0	0.1	BUY
2021-08-05T15:19:00.5215923Z	4475000.0	0.24	BUY
2021-08-05T15:19:01.2304752Z	4475955.0	0.02	BUY
2021-08-05T15:19:01.2355838Z	4475955.0	0.01	BUY
2021-08-05T15:19:01.2355838Z	4475956.0	0.031	BUY
2021-08-05T15:19:01.2355838Z	4475956.0	0.079	BUY
2021-08-05T15:19:01.2355838Z	4475956.0	0.021	BUY
2021-08-05T15:19:01.2355838Z	4475957.0	0.079	BUY
2021-08-05T15:19:01.6028192Z	4475955.0	0.1491	BUY
2021-08-05T15:19:01.6028192Z	4475957.0	0.0509	BUY
2021-08-05T15:19:02.5355103Z	4474946.0	0.01	SELL
2021-08-05T15:19:02.8849537Z	4475000.0	0.08	BUY
2021-08-05T15:19:03.0425587Z	4475954.0	0.04	BUY
2021-08-05T15:19:03.0425587Z	4475957.0	0.02	BUY
2021-08-05T15:19:03.0593904Z	4474883.0	0.01	SELL
2021-08-05T15:19:03.0593904Z	4474883.0	0.01	SELL
2021-08-05T15:19:03.0593904Z	4474568.0	0.02	SELL
2021-08-05T15:19:03.0593904Z	4474554.0	0.02	SELL
2021-08-05T15:19:03.0593904Z	4474373.0	0.02	SELL
2021-08-05T15:19:03.0593904Z	4474052.0	0.042	SELL
2021-08-05T15:19:03.0593904Z	4473976.0	0.078	SELL
2021-08-05T15:19:03.2208509Z	4475953.0	0.01	BUY
2021-08-05T15:19:03.777743Z	4475560.0	0.01	BUY
2021-08-05T15:19:03.777743Z	4475560.0	0.01	BUY
2021-08-05T15:19:04.2074261Z	4476000.0	0.05	BUY
2021-08-05T15:19:08.7008159Z	4476500.0	0.02	BUY
2021-08-05T15:19:08.7008159Z	4476714.0	0.01	BUY
2021-08-05T15:19:08.7008159Z	4476785.0	0.01	BUY
2021-08-05T15:19:08.7008159Z	4476852.0	0.16	BUY
2021-08-05T15:19:09.6027655Z	4476684.0	0.02	BUY
2021-08-05T15:19:09.636383Z	4476544.0	0.02	SELL
2021-08-05T15:19:10.8955651Z	4477739.0	0.012	BUY
2021-08-05T15:19:11.0926366Z	4477738.0	0.012	BUY
2021-08-05T15:19:11.3352986Z	4477738.0	0.008	BUY
2021-08-05T15:19:11.3352986Z	4478050.0	0.004	BUY
2021-08-05T15:19:11.3520791Z	4478050.0	0.016	BUY
2021-08-05T15:19:11.4192835Z	4478352.0	0.012	BUY
2021-08-05T15:19:11.6043878Z	4477737.0	0.016	BUY
2021-08-05T15:19:11.6380415Z	4477737.0	0.028	BUY
2021-08-05T15:19:11.6548568Z	4477737.0	0.07425818	BUY
2021-08-05T15:19:11.9684816Z	4477737.0	0.02125	BUY
2021-08-05T15:19:11.9903074Z	4477737.0	0.06049	BUY
2021-08-05T15:19:12.180149Z	4477737.0	1.82e-06	BUY
2021-08-05T15:19:12.2001483Z	4478050.0	0.02	BUY
2021-08-05T15:19:12.4199623Z	4478218.0	0.02	BUY
2021-08-05T15:19:12.4199623Z	4478353.0	0.02	BUY
2021-08-05T15:19:12.570993Z	4478353.0	0.00125818	BUY
2021-08-05T15:19:12.570993Z	4478364.0	0.015	BUY
2021-08-05T15:19:12.570993Z	4478385.0	0.00374182	BUY
2021-08-05T15:19:12.6224001Z	4478385.0	0.00625818	BUY
2021-08-05T15:19:12.8410742Z	4478583.0	0.01	BUY
2021-08-05T15:19:12.8410742Z	4478583.0	0.00374182	BUY
2021-08-05T15:19:12.8687854Z	4478583.0	0.00625818	BUY
2021-08-05T15:19:13.0587024Z	4478386.0	0.01	SELL
2021-08-05T15:19:13.0754984Z	4478386.0	0.00374182	SELL
2021-08-05T15:19:13.2864865Z	4478590.0	0.01	BUY
2021-08-05T15:19:13.2864865Z	4478655.0	0.05948599	BUY
2021-08-05T15:19:13.2864865Z	4479000.0	0.03	BUY
2021-08-05T15:19:13.2864865Z	4479492.0	0.02	BUY
2021-08-05T15:19:13.2864865Z	4479579.0	0.08051401	BUY
2021-08-05T15:19:13.6594448Z	4478513.0	0.01	BUY
2021-08-05T15:19:13.8460923Z	4478513.0	0.02	BUY
2021-08-05T15:19:14.2265815Z	4478589.0	0.01	BUY
2021-08-05T15:19:14.9423698Z	4479578.0	0.0622	BUY
2021-08-05T15:19:14.9423698Z	4479579.0	0.1378	BUY
2021-08-05T15:19:15.0238902Z	4478452.0	0.03	SELL
2021-08-05T15:19:15.0574548Z	4478437.0	0.01999	SELL
2021-08-05T15:19:15.0574548Z	4478436.0	0.01	SELL
2021-08-05T15:19:15.1247146Z	4478561.0	0.01	BUY
2021-08-05T15:19:15.3169782Z	4478561.0	0.01	BUY
2021-08-05T15:19:15.5181613Z	4478475.0	0.021	SELL
2021-08-05T15:19:17.6190168Z	4478965.0	0.03	BUY
2021-08-05T15:19:19.1936302Z	4479083.0	0.021	BUY
2021-08-05T15:19:20.0109512Z	4478679.0	0.06	SELL
2021-08-05T15:19:21.6381646Z	4479705.0	0.06039151	BUY
2021-08-05T15:19:21.6381646Z	4479705.0	0.01123849	BUY
2021-08-05T15:19:21.8730473Z	4479705.0	5.62e-06	BUY
2021-08-05T15:19:21.9065754Z	4480000.0	0.01	BUY
2021-08-05T15:19:22.2977222Z	4480150.0	0.02	BUY
2021-08-05T15:19:22.548646Z	4480448.0	0.01090436	BUY
2021-08-05T15:19:22.548646Z	4480448.0	0.05862564	BUY
2021-08-05T15:19:23.1284407Z	4480448.0	6.18e-06	BUY
2021-08-05T15:19:23.1284407Z	4480451.0	0.00999382	BUY
2021-08-05T15:19:23.3013843Z	4480451.0	0.01	BUY
2021-08-05T15:19:23.4355747Z	4480451.0	0.03984	BUY
2021-08-05T15:19:23.7710579Z	4480451.0	5.22e-06	BUY
2021-08-05T15:19:23.7868191Z	4480515.0	0.00999478	BUY
2021-08-05T15:19:24.6974684Z	4480515.0	5.22e-06	BUY
2021-08-05T15:19:24.6974684Z	4480578.0	0.05866764	BUY
2021-08-05T15:19:24.6974684Z	4480578.0	0.01086714	BUY
2021-08-05T15:19:24.8515016Z	4480578.0	1.017e-05	BUY
2021-08-05T15:19:24.8515016Z	4480590.0	0.01	BUY
2021-08-05T15:19:24.8515016Z	4480683.0	0.05866764	BUY
2021-08-05T15:19:24.8515016Z	4480683.0	0.01087968	BUY
2021-08-05T15:19:24.8515016Z	4480900.0	0.02	BUY
2021-08-05T15:19:24.8515016Z	4480965.0	0.00044251	BUY
2021-08-05T15:19:26.3342005Z	4480965.0	0.00955749	BUY
2021-08-05T15:19:26.7704206Z	4480783.0	0.01	BUY
2021-08-05T15:19:26.7874397Z	4481668.0	0.015	BUY
2021-08-05T15:19:27.0062793Z	4480966.0	0.022	SELL
2021-08-05T15:19:27.1972455Z	4481669.0	0.02	BUY
2021-08-05T15:19:27.1972455Z	4481850.0	0.01	BUY
2021-08-05T15:19:27.2500582Z	4481849.0	0.01	BUY
2021-08-05T15:19:27.3508191Z	4481422.0	0.01	SELL
2021-08-05T15:19:27.6862199Z	4481144.0	0.01	SELL
2021-08-05T15:19:28.0231309Z	4481154.0	0.01	SELL
2021-08-05T15:19:28.221571Z	4480629.0	0.02	SELL
2021-08-05T15:19:28.2225718Z	4480439.0	0.02	SELL
2021-08-05T15:19:28.2692312Z	4480066.0	0.05950213	SELL
2021-08-05T15:19:28.2692312Z	4480066.0	0.00049787	SELL
2021-08-05T15:19:28.2860156Z	4480066.0	0.05899099	SELL
2021-08-05T15:19:28.2860156Z	4480066.0	0.00100901	SELL
2021-08-05T15:19:28.2860156Z	4480066.0	0.00899099	SELL
2021-08-05T15:19:28.2860156Z	4480066.0	0.01	SELL
2021-08-05T15:19:28.2860156Z	4480060.0	0.04100901	SELL
2021-08-05T15:19:28.5991067Z	4480060.0	0.00985059	SELL
2021-08-05T15:19:28.5991067Z	4479808.0	0.00014941	SELL
2021-08-05T15:19:29.5855687Z	4480001.0	0.01	SELL
2021-08-05T15:19:29.5855687Z	4480000.0	0.025	SELL
2021-08-05T15:19:29.7196748Z	4480000.0	0.068	SELL
2021-08-05T15:19:29.9614701Z	4480000.0	0.03005	SELL
2021-08-05T15:19:29.9644732Z	4480000.0	0.20695	SELL
2021-08-05T15:19:29.9735145Z	4480000.0	0.03	SELL
2021-08-05T15:19:30.9513401Z	4480000.0	0.1495	SELL
2021-08-05T15:19:30.9603384Z	4480000.0	0.1125	SELL
2021-08-05T15:19:30.9653401Z	4480000.0	0.089	SELL
2021-08-05T15:19:30.9683377Z	4480000.0	0.009	SELL
2021-08-05T15:19:30.9733993Z	4479090.0	0.02	SELL
2021-08-05T15:19:31.23165Z	4479090.0	0.03950213	SELL
2021-08-05T15:19:31.23165Z	4479090.0	0.05948787	SELL
2021-08-05T15:19:31.6186226Z	4479083.0	0.05	SELL
2021-08-05T15:19:32.8625642Z	4478746.0	0.03	SELL
2021-08-05T15:19:32.8635661Z	4478640.0	0.01	SELL
2021-08-05T15:19:32.8635661Z	4478297.0	0.01199818	SELL
2021-08-05T15:19:32.8635661Z	4478297.0	0.01800182	SELL
2021-08-05T15:19:35.1566935Z	4480538.0	0.04	BUY
2021-08-05T15:19:35.2659811Z	4480538.0	0.021	BUY
2021-08-05T15:19:35.2995446Z	4480538.0	0.00809323	BUY
2021-08-05T15:19:38.4346234Z	4479352.0	0.01006	BUY
2021-08-05T15:19:38.4356612Z	4479352.0	3.35e-06	BUY
2021-08-05T15:19:38.9807042Z	4480761.0	0.01	BUY
2021-08-05T15:19:38.9807042Z	4480761.0	0.01	BUY
2021-08-05T15:19:38.9807042Z	4480762.0	0.01	BUY
2021-08-05T15:19:38.9807042Z	4480764.0	0.1395	BUY
2021-08-05T15:19:39.2034162Z	4480764.0	0.0418	BUY
2021-08-05T15:19:39.4339736Z	4481140.0	0.01	BUY
2021-08-05T15:19:39.4339736Z	4481141.0	0.02	BUY
2021-08-05T15:19:39.4339736Z	4481153.0	0.01	BUY
2021-08-05T15:19:39.4339736Z	4481452.0	0.02	BUY
2021-08-05T15:19:39.4843079Z	4479999.0	0.03	SELL
2021-08-05T15:19:39.8711983Z	4481705.0	0.02	BUY
2021-08-05T15:19:40.0899726Z	4481850.0	0.01	BUY
2021-08-05T15:19:40.0899726Z	4481852.0	0.05181992	BUY
2021-08-05T15:19:40.2833351Z	4481881.0	0.01	BUY
2021-08-05T15:19:40.2833351Z	4481882.0	0.05	BUY
2021-08-05T15:19:40.6355009Z	4482136.0	0.01	BUY
2021-08-05T15:19:40.8370986Z	4482315.0	0.01	BUY
2021-08-05T15:19:41.4183825Z	4482340.0	0.01	BUY
2021-08-05T15:19:41.6194833Z	4482396.0	0.01	BUY
2021-08-05T15:19:41.6530363Z	4482422.0	0.02	BUY
2021-08-05T15:19:41.6530363Z	4482423.0	0.061	BUY
2021-08-05T15:19:41.8205659Z	4482423.0	0.04	BUY
2021-08-05T15:19:41.8708681Z	4482042.0	0.019139	SELL
2021-08-05T15:19:42.0728718Z	4481647.0	0.01	SELL
2021-08-05T15:19:42.0728718Z	4481600.0	0.01	SELL
2021-08-05T15:19:42.0728718Z	4481598.0	0.27	SELL
2021-08-05T15:19:42.0728718Z	4481461.0	0.01	SELL
2021-08-05T15:19:42.1074607Z	4482423.0	0.05	BUY
2021-08-05T15:19:42.6029973Z	4482230.0	0.02	BUY
2021-08-05T15:19:42.8834925Z	4481926.0	0.01	SELL
2021-08-05T15:19:43.4364405Z	4482582.0	0.023	BUY
2021-08-05T15:19:43.4364405Z	4482590.0	0.007	BUY
2021-08-05T15:19:43.8252649Z	4482060.0	0.01	SELL
2021-08-05T15:19:43.8755602Z	4482590.0	0.003	BUY
2021-08-05T15:19:43.8755602Z	4482853.0	0.04253422	BUY
2021-08-05T15:19:43.8755602Z	4482867.0	0.015	BUY
2021-08-05T15:19:43.8755602Z	4482903.0	0.02	BUY
2021-08-05T15:19:43.8755602Z	4483000.0	0.05	BUY
2021-08-05T15:19:43.8755602Z	4483200.0	0.02	BUY
2021-08-05T15:19:43.8755602Z	4483427.0	0.03946578	BUY
2021-08-05T15:19:44.3670584Z	4482334.0	0.01	SELL
2021-08-05T15:19:44.3670584Z	4481728.0	0.03000335	SELL
2021-08-05T15:19:44.3670584Z	4481728.0	0.12099665	SELL
2021-08-05T15:19:45.5006808Z	4482291.0	0.02	BUY
2021-08-05T15:19:45.5006808Z	4482462.0	0.01	BUY
2021-08-05T15:19:45.5006808Z	4482561.0	0.02	BUY
2021-08-05T15:19:47.7240447Z	4480605.0	0.01	SELL
2021-08-05T15:19:47.7240447Z	4480465.0	0.049489	SELL
2021-08-05T15:19:47.9484165Z	4480465.0	0.00999986	SELL
2021-08-05T15:19:47.9514146Z	4480183.0	0.04	SELL
2021-08-05T15:19:47.9614166Z	4480183.0	0.04	SELL
2021-08-05T15:19:47.9664149Z	4480605.0	0.01	SELL
2021-08-05T15:19:47.9684157Z	4480183.0	0.00613506	SELL
2021-08-05T15:19:47.9684157Z	4480118.0	0.02	SELL
2021-08-05T15:19:47.9694171Z	4478916.0	0.01386494	SELL
2021-08-05T15:19:47.9724547Z	4478905.0	0.02	SELL
2021-08-05T15:19:48.0914847Z	4478989.0	0.04	SELL
2021-08-05T15:19:49.6847932Z	4478919.0	0.02	SELL
2021-08-05T15:19:49.6847932Z	4478905.0	0.02	SELL
2021-08-05T15:19:51.4181477Z	4480352.0	0.02	BUY
2021-08-05T15:19:51.4181477Z	4480353.0	0.03	BUY
2021-08-05T15:19:52.1637834Z	4478905.0	0.02	SELL
2021-08-05T15:19:52.1647823Z	4478862.0	0.0026	SELL
2021-08-05T15:19:53.9038208Z	4478974.0	0.02	SELL
2021-08-05T15:19:54.1256751Z	4478960.0	0.02	SELL
2021-08-05T15:19:54.6008549Z	4478797.0	0.01	SELL
2021-08-05T15:19:54.6176028Z	4478797.0	0.04	SELL
2021-08-05T15:19:54.9903766Z	4478296.0	0.028	SELL
2021-08-05T15:19:55.6217009Z	4479362.0	0.02	BUY
2021-08-05T15:19:55.6217009Z	4479362.0	0.01	BUY
2021-08-05T15:19:55.6217009Z	4479409.0	0.01	BUY
2021-08-05T15:19:55.6217009Z	4479412.0	0.01	BUY
2021-08-05T15:19:55.6217009Z	4479700.0	0.01	BUY
2021-08-05T15:19:55.6888008Z	4479700.0	0.01	BUY
2021-08-05T15:19:55.6888008Z	4479909.0	0.01	BUY
2021-08-05T15:19:55.6888008Z	4479912.0	0.019	BUY
2021-08-05T15:19:55.6888008Z	4480002.0	0.01386494	BUY
2021-08-05T15:19:55.6888008Z	4480003.0	0.00713506	BUY
2021-08-05T15:19:58.3194562Z	4478598.0	0.01106	BUY
2021-08-05T15:19:58.4848727Z	4478598.0	4e-08	BUY
2021-08-05T15:19:59.2177298Z	4478306.0	0.04	SELL
2021-08-05T15:19:59.2177298Z	4478156.0	0.01	SELL
2021-08-05T15:19:59.2177298Z	4478153.0	0.01	SELL
2021-08-05T15:19:59.2177298Z	4478098.0	0.06460129	SELL
2021-08-05T15:19:59.2177298Z	4477940.0	0.04	SELL
2021-08-05T15:19:59.2177298Z	4477939.0	0.048	SELL
2021-08-05T15:19:59.2187297Z	4477869.0	0.01	SELL
2021-08-05T15:19:59.2187297Z	4477869.0	0.05950213	SELL
2021-08-05T15:19:59.2187297Z	4477869.0	0.05948886	SELL
2021-08-05T15:19:59.2187297Z	4477794.0	0.03501711	SELL
2021-08-05T15:19:59.2187297Z	4477781.0	0.05914808	SELL
2021-08-05T15:19:59.2187297Z	4477725.0	0.06424253	SELL
2021-08-05T15:19:59.6685778Z	4478720.0	0.01	SELL
2021-08-05T15:19:59.6685778Z	4478706.0	0.01	SELL
2021-08-05T15:19:59.6685778Z	4479818.0	0.04	BUY
2021-08-05T15:20:00.1978818Z	4479819.0	0.01	BUY
2021-08-05T15:20:00.1978818Z	4479819.0	0.01	BUY
2021-08-05T15:20:01.25008Z	4479808.0	0.01	BUY
2021-08-05T15:20:02.6677085Z	4479399.0	0.02	SELL
2021-08-05T15:20:02.7012444Z	4479409.0	0.01	SELL
2021-08-05T15:20:03.3664711Z	4480203.0	0.01507391	BUY
2021-08-05T15:20:03.3664711Z	4480295.0	0.01	BUY
2021-08-05T15:20:03.3664711Z	4480298.0	0.02492609	BUY
2021-08-05T15:20:03.9032166Z	4479588.0	0.01	SELL
2021-08-05T15:20:04.2649355Z	4479591.0	0.01	SELL
2021-08-05T15:20:04.6675192Z	4480018.0	0.019139	BUY
2021-08-05T15:20:04.9028713Z	4479031.0	0.1	SELL
2021-08-05T15:20:06.8003423Z	4479820.0	0.02	BUY
2021-08-05T15:20:07.0189062Z	4479682.0	0.01	BUY
2021-08-05T15:20:07.1197239Z	4480018.0	0.02086	BUY
2021-08-05T15:20:07.4517997Z	4480018.0	1e-06	BUY
2021-08-05T15:20:07.4517997Z	4480296.0	0.009999	BUY
2021-08-05T15:20:07.8397526Z	4480296.0	1e-06	BUY
2021-08-05T15:20:07.8397526Z	4480300.0	0.029999	BUY
2021-08-05T15:20:07.8397526Z	4480300.0	1e-06	BUY
2021-08-05T15:20:08.0937773Z	4480493.0	0.01	BUY
2021-08-05T15:20:12.122106Z	4481463.0	0.02	BUY
2021-08-05T15:20:13.2677906Z	4482168.0	0.04017	BUY
2021-08-05T15:20:13.4007321Z	4482294.0	0.01	BUY
2021-08-05T15:20:13.4007321Z	4482427.0	0.01	BUY
2021-08-05T15:20:13.4007321Z	4483000.0	0.05	BUY
2021-08-05T15:20:13.4007321Z	4483353.0	0.01014941	BUY
2021-08-05T15:20:13.4007321Z	4483354.0	0.01	BUY
2021-08-05T15:20:13.4007321Z	4483427.0	0.00961942	BUY
2021-08-05T15:20:13.4007321Z	4483575.0	0.05992011	BUY
2021-08-05T15:20:13.4007321Z	4483575.0	0.01031106	BUY
2021-08-05T15:20:13.5180909Z	4481894.0	0.01	BUY
2021-08-05T15:20:13.5180909Z	4482999.0	0.01507391	BUY
2021-08-05T15:20:13.5180909Z	4483575.0	0.00083515	BUY
2021-08-05T15:20:13.5180909Z	4483701.0	0.01	BUY
2021-08-05T15:20:13.5180909Z	4483819.0	0.00409094	BUY
2021-08-05T15:20:14.205653Z	4483309.0	0.02	BUY
2021-08-05T15:20:14.205653Z	4483575.0	0.03	BUY
2021-08-05T15:20:15.7871773Z	4483575.0	0.01	BUY
2021-08-05T15:20:16.0319808Z	4483818.0	0.04	BUY
2021-08-05T15:20:16.2989399Z	4483819.0	0.0259	BUY
2021-08-05T15:20:16.7350843Z	4483426.0	0.01	SELL
2021-08-05T15:20:16.7518521Z	4483819.0	9.06e-06	BUY
2021-08-05T15:20:16.7518521Z	4483989.0	0.09999094	BUY
2021-08-05T15:20:17.3158424Z	4483540.0	0.02	SELL
2021-08-05T15:20:17.7038764Z	4483427.0	0.01	SELL
2021-08-05T15:20:17.8958867Z	4483426.0	0.01	SELL
2021-08-05T15:20:18.4492806Z	4483440.0	0.02	BUY
2021-08-05T15:20:18.4660737Z	4483496.0	0.02	BUY
2021-08-05T15:20:18.4660737Z	4483910.0	0.02	BUY
2021-08-05T15:20:19.1238418Z	4483910.0	0.18	BUY
2021-08-05T15:20:19.1238418Z	4483989.0	9.06e-06	BUY
2021-08-05T15:20:19.1238418Z	4483989.0	0.01999094	BUY
2021-08-05T15:20:19.718669Z	4483989.0	0.01	BUY
2021-08-05T15:20:20.1753975Z	4483427.0	0.01	SELL
2021-08-05T15:20:20.5162797Z	4483484.0	0.01000004	SELL
2021-08-05T15:20:20.7006694Z	4483484.0	0.01999996	SELL
2021-08-05T15:20:21.6017543Z	4483989.0	0.07000906	BUY
2021-08-05T15:20:21.6017543Z	4483989.0	0.02999094	BUY
2021-08-05T15:20:21.6185275Z	4483989.0	0.04	BUY
2021-08-05T15:20:21.6185275Z	4483989.0	0.03000906	BUY
2021-08-05T15:20:21.6185275Z	4484000.0	0.03	BUY
2021-08-05T15:20:21.6185275Z	4484180.0	0.06265994	BUY
2021-08-05T15:20:21.6353156Z	4484180.0	0.14	BUY
2021-08-05T15:20:21.6689619Z	4484180.0	0.04	BUY
2021-08-05T15:20:21.9046376Z	4484180.0	0.01	BUY
2021-08-05T15:20:21.9553666Z	4484180.0	0.11834006	BUY
2021-08-05T15:20:22.249567Z	4484252.0	0.1	BUY
2021-08-05T15:20:22.2663063Z	4484483.0	0.01	BUY
2021-08-05T15:20:22.2663314Z	4485224.0	0.02	BUY
2021-08-05T15:20:22.4664532Z	4485224.0	0.022	BUY
2021-08-05T15:20:22.4664532Z	4485300.0	0.008	BUY
2021-08-05T15:20:22.4675035Z	4485300.0	0.032	BUY
2021-08-05T15:20:22.4675035Z	4485486.0	0.008	BUY
2021-08-05T15:20:22.7358801Z	4485486.0	0.092	BUY
2021-08-05T15:20:22.8030569Z	4484184.0	0.01	SELL
2021-08-05T15:20:22.8030569Z	4484184.0	0.01	SELL
2021-08-05T15:20:22.8030569Z	4484181.0	0.02	SELL
2021-08-05T15:20:22.8030569Z	4484181.0	0.01	SELL
2021-08-05T15:20:22.8030569Z	4484148.0	0.01	SELL
2021-08-05T15:20:22.8030569Z	4484148.0	0.01	SELL
2021-08-05T15:20:22.8030569Z	4484091.0	0.05	SELL
2021-08-05T15:20:22.8380941Z	4484091.0	0.01	SELL
2021-08-05T15:20:22.8948249Z	4485561.0	0.01	BUY
2021-08-05T15:20:23.1259603Z	4484315.0	0.03	SELL
2021-08-05T15:20:23.1259603Z	4484003.0	0.01	SELL
2021-08-05T15:20:23.1259603Z	4483705.0	0.02	SELL
2021-08-05T15:20:23.1259603Z	4483670.0	0.04845097	SELL
2021-08-05T15:20:23.1259603Z	4483624.0	0.01	SELL
2021-08-05T15:20:23.1259603Z	4483611.0	0.01	SELL
2021-08-05T15:20:23.1259603Z	4483420.0	0.06390549	SELL
2021-08-05T15:20:23.1259603Z	4483331.0	0.13764354	SELL
2021-08-05T15:20:23.2317181Z	4483331.0	0.04	SELL
2021-08-05T15:20:23.5514941Z	4483334.0	0.01	SELL
2021-08-05T15:20:23.5514941Z	4483255.0	0.05	SELL
2021-08-05T15:20:23.5682654Z	4483255.0	0.06	SELL
2021-08-05T15:20:23.8187102Z	4483709.0	0.01	SELL
2021-08-05T15:20:23.8187102Z	4483709.0	0.01	SELL
2021-08-05T15:20:23.8187102Z	4483334.0	0.01	SELL
2021-08-05T15:20:23.8187102Z	4483136.0	0.03	SELL
2021-08-05T15:20:24.0118325Z	4483667.0	0.02	SELL
2021-08-05T15:20:24.0118325Z	4483327.0	0.02	SELL
2021-08-05T15:20:24.0118325Z	4483327.0	0.04	SELL
2021-08-05T15:20:24.0118325Z	4483327.0	0.04	SELL
2021-08-05T15:20:24.0197859Z	4483327.0	0.04	SELL
2021-08-05T15:20:25.6661908Z	4483775.0	0.0297	SELL
2021-08-05T15:20:25.6672186Z	4483571.0	0.02	SELL
2021-08-05T15:20:27.8232543Z	4484431.0	0.022	BUY
2021-08-05T15:20:27.9717708Z	4484431.0	0.008	BUY
2021-08-05T15:20:27.9717708Z	4484590.0	0.01	BUY
2021-08-05T15:20:27.9717708Z	4484592.0	0.032	BUY
2021-08-05T15:20:28.3998592Z	4483311.0	0.1	SELL
2021-08-05T15:20:29.2645411Z	4483571.0	0.1	BUY
2021-08-05T15:20:29.6493097Z	4483568.0	0.01	BUY
2021-08-05T15:20:29.667112Z	4483568.0	0.01	BUY
2021-08-05T15:20:29.7510353Z	4483565.0	0.01	BUY
2021-08-05T15:20:29.7510353Z	4483565.0	0.01	BUY
2021-08-05T15:20:31.7679767Z	4483258.0	0.05	SELL
2021-08-05T15:20:32.6163985Z	4483565.0	0.1	BUY
2021-08-05T15:20:33.1375294Z	4483562.0	0.01	BUY
2021-08-05T15:20:33.1375294Z	4484596.0	0.01	BUY
2021-08-05T15:20:33.1375294Z	4484874.0	0.17	BUY
2021-08-05T15:20:33.1375294Z	4484960.0	0.05	BUY
2021-08-05T15:20:33.1375294Z	4484975.0	0.02037688	BUY
2021-08-05T15:20:33.1385301Z	4485093.0	0.03962312	BUY
2021-08-05T15:20:33.8859243Z	4483379.0	0.021	SELL
2021-08-05T15:20:33.8859243Z	4483020.0	0.01	SELL
2021-08-05T15:20:33.8859243Z	4483017.0	0.01	SELL
2021-08-05T15:20:33.9294727Z	4482863.0	0.089	SELL
2021-08-05T15:20:34.1759134Z	4482824.0	0.02	SELL
2021-08-05T15:20:34.176912Z	4482755.0	0.01	SELL
2021-08-05T15:20:34.1979131Z	4482560.0	0.02	SELL
2021-08-05T15:20:34.1979131Z	4482462.0	0.019	SELL
2021-08-05T15:20:34.4333344Z	4483017.0	0.01	SELL
2021-08-05T15:20:34.535549Z	4482462.0	0.01733	SELL
2021-08-05T15:20:34.8404963Z	4482462.0	8.23e-06	SELL
2021-08-05T15:20:34.8404963Z	4482338.0	0.00999177	SELL
2021-08-05T15:20:35.1871821Z	4483552.0	0.01	BUY
2021-08-05T15:20:35.1871821Z	4483584.0	0.04	BUY
2021-08-05T15:20:35.1881835Z	4483621.0	0.11	BUY
2021-08-05T15:20:37.5330584Z	4483618.0	0.01	BUY
2021-08-05T15:20:38.9352551Z	4483258.0	0.025	SELL
2021-08-05T15:20:39.1058251Z	4482341.0	0.01	SELL
2021-08-05T15:20:39.3479454Z	4482338.0	8.23e-06	SELL
2021-08-05T15:20:39.7505142Z	4481627.0	0.04	SELL
2021-08-05T15:20:39.940161Z	4482338.0	0.089	BUY
2021-08-05T15:20:40.0879965Z	4482338.0	0.00099177	BUY
2021-08-05T15:20:40.0879965Z	4482339.0	0.02	BUY
2021-08-05T15:20:40.3470005Z	4481628.0	0.04	SELL
2021-08-05T15:20:42.1211493Z	4483016.0	0.089	BUY
2021-08-05T15:20:42.858997Z	4483016.0	0.02	BUY
2021-08-05T15:20:42.858997Z	4483092.0	0.02	BUY
2021-08-05T15:20:42.858997Z	4483360.0	0.01	BUY
2021-08-05T15:20:42.858997Z	4483362.0	0.02	BUY
2021-08-05T15:20:42.8599996Z	4483391.0	0.02	BUY
2021-08-05T15:20:42.8599996Z	4483391.0	0.01	BUY
2021-08-05T15:20:43.6698378Z	4483392.0	0.02	BUY
2021-08-05T15:20:46.8507365Z	4482274.0	0.03	SELL
2021-08-05T15:20:46.8507365Z	4482127.0	0.02	SELL
2021-08-05T15:20:48.0713712Z	4483263.0	0.01	BUY
2021-08-05T15:20:50.1565985Z	4483263.0	0.02	BUY
2021-08-05T15:20:50.3980989Z	4483621.0	0.01	BUY
2021-08-05T15:20:50.3980989Z	4483807.0	0.02	BUY
2021-08-05T15:20:50.3980989Z	4484051.0	0.01	BUY
2021-08-05T15:20:50.4148522Z	4484051.0	0.06	BUY
2021-08-05T15:20:51.7987079Z	4484415.0	0.01	BUY
2021-08-05T15:20:51.9832139Z	4484415.0	0.01	BUY
2021-08-05T15:20:52.0503882Z	4484520.0	0.01	BUY
2021-08-05T15:20:52.0503882Z	4484561.0	0.01	BUY
2021-08-05T15:20:52.0503882Z	4484561.0	0.02	BUY
2021-08-05T15:20:53.770533Z	4484874.0	0.04	BUY
2021-08-05T15:20:53.770533Z	4484874.0	0.13	BUY
2021-08-05T15:20:53.9055576Z	4485650.0	0.02	BUY
2021-08-05T15:20:54.1404665Z	4484622.0	0.0112576	SELL
2021-08-05T15:20:55.2970777Z	4485647.0	0.01	BUY
2021-08-05T15:20:55.2970777Z	4485650.0	0.02	BUY
2021-08-05T15:20:55.2970777Z	4486000.0	0.01	BUY
2021-08-05T15:20:55.2970777Z	4486000.0	0.06	BUY
2021-08-05T15:20:55.364213Z	4486000.0	0.06	BUY
2021-08-05T15:20:55.364213Z	4486000.0	0.06	BUY
2021-08-05T15:20:55.3810043Z	4486000.0	0.01	BUY
2021-08-05T15:20:55.6160603Z	4486000.0	0.04	BUY
2021-08-05T15:20:56.016881Z	4486000.0	0.19201	BUY
2021-08-05T15:20:56.5647984Z	4485737.0	0.011	SELL
2021-08-05T15:20:56.5647984Z	4485735.0	0.02	SELL
2021-08-05T15:20:56.7496443Z	4486000.0	0.541	BUY
2021-08-05T15:20:56.7496936Z	4486000.0	0.02699	BUY
2021-08-05T15:20:56.9295452Z	4486649.0	0.02	BUY
2021-08-05T15:20:56.9295452Z	4486650.0	0.02	BUY
2021-08-05T15:20:56.9295452Z	4486989.0	0.01	BUY
2021-08-05T15:20:56.9305448Z	4487081.0	0.01	BUY
2021-08-05T15:20:56.9365458Z	4487081.0	0.01	BUY
2021-08-05T15:20:56.9365458Z	4487531.0	0.04	BUY
2021-08-05T15:20:56.9365458Z	4487532.0	0.01	BUY
2021-08-05T15:20:56.9395457Z	4487999.0	0.01	BUY
2021-08-05T15:20:56.9395457Z	4488000.0	0.03	BUY
2021-08-05T15:20:56.9515452Z	4488150.0	0.02	BUY
2021-08-05T15:20:56.9515452Z	4488510.0	0.013125	BUY
2021-08-05T15:20:56.9515452Z	4488547.0	0.026875	BUY
2021-08-05T15:20:56.9695953Z	4488547.0	0.04	BUY
2021-08-05T15:20:57.0031957Z	4488149.0	0.04	BUY
2021-08-05T15:20:57.0537491Z	4488404.0	0.04	BUY
2021-08-05T15:20:57.0872764Z	4488404.0	0.04	BUY
2021-08-05T15:20:57.1040715Z	4488404.0	0.01	BUY
2021-08-05T15:20:57.3973509Z	4487780.0	0.01	SELL
2021-08-05T15:20:57.9013009Z	4487501.0	0.01	SELL
2021-08-05T15:20:57.9122994Z	4487501.0	0.01	SELL
2021-08-05T15:20:58.022702Z	4487300.0	0.02	SELL
2021-08-05T15:20:58.022702Z	4487220.0	0.01	SELL
2021-08-05T15:20:58.022702Z	4487211.0	0.01	SELL
2021-08-05T15:20:58.1937264Z	4488392.0	0.03	BUY
2021-08-05T15:20:58.1957253Z	4487343.0	0.02	SELL
2021-08-05T15:20:58.3313051Z	4487343.0	0.01	SELL
2021-08-05T15:20:58.6453893Z	4486876.0	0.01	SELL
2021-08-05T15:20:58.9504121Z	4486154.0	0.01	SELL
2021-08-05T15:20:59.1055936Z	4486154.0	0.05	SELL
2021-08-05T15:20:59.3135994Z	4486149.0	0.01	SELL
2021-08-05T15:21:00.140263Z	4487384.0	0.049	BUY
2021-08-05T15:21:01.1495724Z	4486089.0	0.02	SELL
2021-08-05T15:21:01.2171693Z	4486082.0	0.0508596	SELL
2021-08-05T15:21:01.2171693Z	4486082.0	0.0381404	SELL
2021-08-05T15:21:01.2312069Z	4486082.0	0.02134846	SELL
2021-08-05T15:21:01.2312069Z	4486082.0	0.01	SELL
2021-08-05T15:21:01.2312069Z	4486082.0	0.00765154	SELL
2021-08-05T15:21:01.2658881Z	4486082.0	0.05185059	SELL
2021-08-05T15:21:01.2658881Z	4486082.0	0.02814941	SELL
2021-08-05T15:21:01.316241Z	4486082.0	0.02	SELL
2021-08-05T15:21:01.316241Z	4486082.0	0.01	SELL
2021-08-05T15:21:01.3330103Z	4486082.0	0.00135272	SELL
2021-08-05T15:21:01.3330103Z	4486082.0	0.01	SELL
2021-08-05T15:21:01.3330103Z	4486082.0	0.01864728	SELL
2021-08-05T15:21:01.3330103Z	4486082.0	0.01	SELL
2021-08-05T15:21:01.366527Z	4486082.0	0.01	SELL
2021-08-05T15:21:01.3832647Z	4486082.0	0.01	SELL
2021-08-05T15:21:01.4001079Z	4486082.0	0.01084158	SELL
2021-08-05T15:21:01.6696987Z	4486079.0	0.01	SELL
2021-08-05T15:21:01.6696987Z	4486079.0	0.01	SELL
2021-08-05T15:21:01.6696987Z	4486005.0	0.01	SELL
2021-08-05T15:21:01.6696987Z	4485834.0	0.05	SELL
2021-08-05T15:21:01.6696987Z	4485797.0	0.02	SELL
2021-08-05T15:21:02.448687Z	4485005.0	0.03	SELL
2021-08-05T15:21:02.448687Z	4484906.0	0.01	SELL
2021-08-05T15:21:02.6166869Z	4484906.0	0.01	SELL
2021-08-05T15:21:02.8349482Z	4484900.0	0.02	SELL
2021-08-05T15:21:02.8349482Z	4484900.0	0.02	SELL
2021-08-05T15:21:02.9526813Z	4484899.0	0.01	SELL
2021-08-05T15:21:03.7179084Z	4483372.0	0.01	SELL
2021-08-05T15:21:03.8540214Z	4483479.0	0.02	SELL
2021-08-05T15:21:03.8540214Z	4483076.0	0.01	SELL
2021-08-05T15:21:03.8540214Z	4482668.0	0.03	SELL
2021-08-05T15:21:03.8540214Z	4482659.0	0.01	SELL
2021-08-05T15:21:03.8540214Z	4482627.0	0.055717	SELL
2021-08-05T15:21:03.9372089Z	4482627.0	0.01	SELL
2021-08-05T15:21:04.104145Z	4482348.0	0.01	SELL
2021-08-05T15:21:04.104145Z	4482137.0	0.01	SELL
2021-08-05T15:21:04.104145Z	4481957.0	0.03	SELL
2021-08-05T15:21:04.431977Z	4481957.0	0.07	SELL
2021-08-05T15:21:04.4826929Z	4481420.0	0.01	SELL
2021-08-05T15:21:04.4826929Z	4481400.0	0.05	SELL
2021-08-05T15:21:04.5837958Z	4481400.0	0.04	SELL
2021-08-05T15:21:04.6676946Z	4481400.0	0.04	SELL
2021-08-05T15:21:04.8360669Z	4481957.0	0.02	SELL
2021-08-05T15:21:04.8360669Z	4481400.0	0.01	SELL
2021-08-05T15:21:05.1609434Z	4481400.0	0.01383	SELL
2021-08-05T15:21:05.1609434Z	4481400.0	8.6e-07	SELL
2021-08-05T15:21:05.1609434Z	4481374.0	0.021	SELL
2021-08-05T15:21:05.1609434Z	4481342.0	0.00328214	SELL
2021-08-05T15:21:05.8686423Z	4481403.0	0.01	SELL
2021-08-05T15:21:05.8686423Z	4481400.0	0.02	SELL
2021-08-05T15:21:05.8686423Z	4481342.0	0.059	SELL
2021-08-05T15:21:06.1142779Z	4481342.0	0.049	SELL
2021-08-05T15:21:06.1310273Z	4481342.0	0.1	SELL
2021-08-05T15:21:06.1904433Z	4481342.0	0.02371786	SELL
2021-08-05T15:21:06.4151826Z	4481313.0	0.015	SELL
2021-08-05T15:21:06.4487726Z	4481329.0	0.0112576	BUY
2021-08-05T15:21:06.6164175Z	4480995.0	0.02	SELL
2021-08-05T15:21:06.7999014Z	4480995.0	0.04022484	SELL
2021-08-05T15:21:06.8176739Z	4481261.0	0.01	BUY
2021-08-05T15:21:07.1144342Z	4480900.0	0.01	SELL
2021-08-05T15:21:07.1144342Z	4480900.0	0.01	SELL
2021-08-05T15:21:07.1144342Z	4480900.0	0.02	SELL
2021-08-05T15:21:07.182604Z	4481261.0	0.01	BUY
2021-08-05T15:21:07.2016032Z	4481258.0	0.01	BUY
2021-08-05T15:21:07.5492659Z	4481188.0	0.02	BUY
2021-08-05T15:21:07.5492659Z	4481339.0	0.01	BUY
2021-08-05T15:21:07.5492659Z	4481342.0	0.05	BUY
2021-08-05T15:21:07.5660535Z	4480701.0	0.06022484	SELL
2021-08-05T15:21:07.5660535Z	4480701.0	0.00416516	SELL
2021-08-05T15:21:08.8669994Z	4481271.0	0.02	BUY
2021-08-05T15:21:08.8669994Z	4481333.0	0.03999	BUY
2021-08-05T15:21:08.8669994Z	4481336.0	0.01	BUY
2021-08-05T15:21:08.8669994Z	4481339.0	1e-05	BUY
2021-08-05T15:21:08.8669994Z	4481339.0	0.00999	BUY
2021-08-05T15:21:08.8669994Z	4481342.0	0.03001	BUY
2021-08-05T15:21:08.8837922Z	4481342.0	0.01999	BUY
2021-08-05T15:21:09.0534054Z	4481919.0	0.03	BUY
2021-08-05T15:21:09.0534054Z	4482195.0	0.01	BUY
2021-08-05T15:21:09.0534054Z	4482220.0	0.04	BUY
2021-08-05T15:21:09.0534054Z	4482220.0	0.06	BUY
2021-08-05T15:21:10.2077766Z	4481530.0	0.01379449	BUY
2021-08-05T15:21:10.4828301Z	4481670.0	0.06621	SELL
2021-08-05T15:21:10.4828301Z	4481670.0	9.72e-06	SELL
2021-08-05T15:21:10.5505234Z	4481111.0	0.02	SELL
2021-08-05T15:21:10.5505234Z	4481106.0	0.02	SELL
2021-08-05T15:21:10.7857619Z	4481006.0	0.01	SELL
2021-08-05T15:21:10.7857619Z	4480706.0	0.0508596	SELL
2021-08-05T15:21:10.7857619Z	4480702.0	0.0191404	SELL
2021-08-05T15:21:11.8498005Z	4480702.0	0.015	SELL
2021-08-05T15:21:12.6151363Z	4480701.0	0.00704792	SELL
2021-08-05T15:21:12.6151363Z	4480700.0	0.00295208	SELL
2021-08-05T15:21:12.647525Z	4480700.0	0.01704792	SELL
2021-08-05T15:21:12.647525Z	4480700.0	0.02	SELL
2021-08-05T15:21:12.647525Z	4480700.0	0.02	SELL
2021-08-05T15:21:12.647525Z	4480521.0	0.01121308	SELL
2021-08-05T15:21:12.647525Z	4480521.0	0.001739	SELL
2021-08-05T15:21:12.6557792Z	4480521.0	0.05	SELL
2021-08-05T15:21:12.6736042Z	4480521.0	0.00848584	SELL
2021-08-05T15:21:12.6736042Z	4480500.0	0.02	SELL
2021-08-05T15:21:12.6736042Z	4480500.0	0.01277176	SELL
2021-08-05T15:21:12.7575375Z	4481400.0	0.02	SELL
2021-08-05T15:21:12.7575375Z	4480500.0	0.00722824	SELL
2021-08-05T15:21:12.7575375Z	4480500.0	0.02	SELL
2021-08-05T15:21:12.7575375Z	4480500.0	0.02	SELL
2021-08-05T15:21:13.1814296Z	4480851.0	0.02	BUY
2021-08-05T15:21:13.2649942Z	4480409.0	0.04249	SELL
2021-08-05T15:21:13.4321045Z	4480409.0	3.37e-06	SELL
2021-08-05T15:21:13.4321045Z	4480392.0	0.01	SELL
2021-08-05T15:21:13.4321045Z	4480311.0	0.01	SELL
2021-08-05T15:21:13.4321045Z	4480310.0	0.01	SELL
2021-08-05T15:21:13.447732Z	4479872.0	0.00999663	SELL
2021-08-05T15:21:13.4488679Z	4479872.0	3.37e-06	SELL
2021-08-05T15:21:13.4488679Z	4479794.0	0.03999663	SELL
2021-08-05T15:21:13.4645954Z	4479794.0	0.02022821	SELL
2021-08-05T15:21:13.6887804Z	4479563.0	0.01	SELL
2021-08-05T15:21:13.6887804Z	4479434.0	0.01	SELL
2021-08-05T15:21:13.7896537Z	4479687.0	0.02	BUY
2021-08-05T15:21:13.823303Z	4480055.0	0.00022821	SELL
2021-08-05T15:21:14.1558226Z	4479564.0	0.06	SELL
2021-08-05T15:21:14.1558226Z	4479564.0	0.06	SELL
2021-08-05T15:21:14.8176533Z	4479434.0	0.01	SELL
2021-08-05T15:21:14.9015598Z	4479434.0	0.00129807	SELL
2021-08-05T15:21:14.9015598Z	4479294.0	0.01	SELL
2021-08-05T15:21:14.9015598Z	4479202.0	0.01870193	SELL
2021-08-05T15:21:14.9015598Z	4479202.0	0.00129807	SELL
2021-08-05T15:21:14.9015598Z	4478989.0	0.02870193	SELL
2021-08-05T15:21:15.9383078Z	4480400.0	0.04	BUY
2021-08-05T15:21:15.940309Z	4480694.0	0.01	BUY
2021-08-05T15:21:15.940309Z	4480695.0	0.03	BUY
2021-08-05T15:21:15.940309Z	4480708.0	0.02	BUY
2021-08-05T15:21:15.9463093Z	4480708.0	0.01	BUY
2021-08-05T15:21:15.9463093Z	4480755.0	0.02	BUY
2021-08-05T15:21:15.9473078Z	4480761.0	0.01	BUY
2021-08-05T15:21:15.9503089Z	4480761.0	0.011958	BUY
2021-08-05T15:21:15.9503089Z	4480762.0	0.01	BUY
2021-08-05T15:21:15.9513233Z	4480847.0	0.038042	BUY
2021-08-05T15:21:16.0221283Z	4480753.0	0.01	BUY
2021-08-05T15:21:16.0557201Z	4480753.0	0.02	BUY
2021-08-05T15:21:16.1061417Z	4480970.0	0.03	BUY
2021-08-05T15:21:16.1061417Z	4481363.0	0.01	BUY
2021-08-05T15:21:16.1733125Z	4481363.0	0.01	BUY
2021-08-05T15:21:16.1733125Z	4481364.0	0.02	BUY
2021-08-05T15:21:16.1733125Z	4481395.0	0.01	BUY
2021-08-05T15:21:16.2966011Z	4481444.0	0.01	BUY
2021-08-05T15:21:17.6479118Z	4480702.0	0.01	SELL
2021-08-05T15:21:18.2960678Z	4481441.0	0.01	BUY
2021-08-05T15:21:18.9255422Z	4480295.0	0.03	SELL
2021-08-05T15:21:18.9255422Z	4480168.0	0.02	SELL
2021-08-05T15:21:19.4304474Z	4480162.0	0.01	SELL
2021-08-05T15:21:19.6485676Z	4480051.0	0.04	SELL
2021-08-05T15:21:19.6989628Z	4480051.0	0.01948599	SELL
2021-08-05T15:21:20.9491991Z	4480491.0	0.02	BUY
2021-08-05T15:21:21.5144918Z	4480043.0	0.01	BUY
2021-08-05T15:21:21.5648114Z	4480043.0	0.0197	BUY
2021-08-05T15:21:28.8709267Z	4479015.0	0.02	SELL
2021-08-05T15:21:28.8709267Z	4479007.0	0.025	SELL
2021-08-05T15:21:28.8709267Z	4479006.0	0.06	SELL
2021-08-05T15:21:28.8709267Z	4478995.0	0.01	SELL
2021-08-05T15:21:28.8709267Z	4478995.0	0.01	SELL
2021-08-05T15:21:28.8709267Z	4478992.0	0.075	SELL
2021-08-05T15:21:29.2204483Z	4478992.0	0.085	SELL
2021-08-05T15:21:30.2805974Z	4480697.0	0.01	BUY
2021-08-05T15:21:30.2805974Z	4480699.0	0.02	BUY
2021-08-05T15:21:34.1530677Z	4479523.0	0.01	SELL
2021-08-05T15:21:35.6151826Z	4479094.0	0.01	SELL
2021-08-05T15:21:35.6487139Z	4479086.0	0.01	SELL
2021-08-05T15:21:35.9473766Z	4479086.0	0.01	SELL
2021-08-05T15:21:36.2800373Z	4479079.0	0.05948	SELL
2021-08-05T15:21:36.7066373Z	4478989.0	0.63378	SELL
2021-08-05T15:21:36.7066373Z	4478989.0	0.01	SELL
2021-08-05T15:21:36.7234228Z	4478989.0	0.08751	SELL
2021-08-05T15:21:36.7569904Z	4478989.0	0.04	SELL
2021-08-05T15:21:36.8245487Z	4478989.0	0.20000807	SELL
2021-08-05T15:21:37.8959201Z	4478670.0	0.01	SELL
2021-08-05T15:21:37.8959201Z	4478650.0	0.02	SELL
2021-08-05T15:21:37.8959201Z	4478450.0	0.02	SELL
2021-08-05T15:21:41.5707672Z	4478450.0	0.05	BUY
2021-08-05T15:21:41.9051758Z	4478439.0	0.01	BUY
2021-08-05T15:21:41.9062114Z	4478439.0	0.01	BUY
2021-08-05T15:21:41.9062114Z	4478439.0	0.01	BUY
2021-08-05T15:21:41.9062114Z	4478447.0	0.01	BUY
2021-08-05T15:21:42.3615978Z	4478355.0	0.1	SELL
2021-08-05T15:21:42.6688428Z	4478355.0	0.12	SELL
2021-08-05T15:21:43.5496883Z	4478356.0	0.028	BUY
2021-08-05T15:21:44.0882994Z	4478944.0	0.01	BUY
2021-08-05T15:21:44.4658835Z	4479933.0	0.01	BUY
2021-08-05T15:21:44.4658835Z	4480405.0	0.02	BUY
2021-08-05T15:21:44.4658835Z	4480432.0	0.01	BUY
2021-08-05T15:21:44.4669123Z	4480432.0	0.01	BUY
2021-08-05T15:21:44.4836766Z	4480512.0	0.01	BUY
2021-08-05T15:21:44.4836766Z	4480696.0	0.01	BUY
2021-08-05T15:21:44.4836766Z	4480696.0	0.01	BUY
2021-08-05T15:21:44.4836766Z	4480699.0	0.03	BUY
2021-08-05T15:21:44.5508389Z	4480699.0	0.04	BUY
2021-08-05T15:21:47.3464484Z	4479371.0	0.02	SELL
2021-08-05T15:21:47.3464484Z	4479371.0	0.02	SELL
2021-08-05T15:21:47.4973364Z	4479321.0	0.01	SELL
2021-08-05T15:21:48.4979865Z	4478483.0	0.02	SELL
2021-08-05T15:21:48.4979865Z	4478482.0	0.02	SELL
2021-08-05T15:21:48.5483534Z	4478482.0	0.01	SELL
2021-08-05T15:21:48.5483534Z	4478475.0	0.02	SELL
2021-08-05T15:21:49.0867237Z	4478043.0	0.03999	SELL
2021-08-05T15:21:49.0867237Z	4478043.0	0.028	SELL
2021-08-05T15:21:49.6801623Z	4478310.0	0.03	BUY
2021-08-05T15:21:50.3462626Z	4478043.0	0.02	SELL
2021-08-05T15:21:54.0364105Z	4478043.0	0.01201	SELL
2021-08-05T15:21:54.0364105Z	4478043.0	0.1	SELL
2021-08-05T15:21:54.0364105Z	4478043.0	0.1	SELL
2021-08-05T15:21:54.0364105Z	4478043.0	0.1	SELL
2021-08-05T15:21:54.0364105Z	4478043.0	0.1	SELL
2021-08-05T15:21:54.749036Z	4477930.0	0.08	SELL
2021-08-05T15:21:55.6658456Z	4478511.0	0.02	BUY
2021-08-05T15:21:55.6658456Z	4478511.0	0.02	BUY
2021-08-05T15:21:57.4320391Z	4478739.0	0.04802	BUY
2021-08-05T15:21:57.6488848Z	4478739.0	4.2e-07	BUY
2021-08-05T15:21:57.6498871Z	4479049.0	0.01	BUY
2021-08-05T15:21:57.6499441Z	4479151.0	0.02	BUY
2021-08-05T15:21:57.6836165Z	4478853.0	0.01	BUY
2021-08-05T15:21:57.6836165Z	4479474.0	0.02	BUY
2021-08-05T15:21:57.7004691Z	4479535.0	0.01	BUY
2021-08-05T15:21:57.7004691Z	4480147.0	0.01	BUY
2021-08-05T15:21:57.7004691Z	4480154.0	0.02	BUY
2021-08-05T15:21:57.7004691Z	4480246.0	0.01	BUY
2021-08-05T15:21:57.7004691Z	4480254.0	0.01	BUY
2021-08-05T15:21:57.7340815Z	4480254.0	0.05	BUY
2021-08-05T15:21:57.7340815Z	4480261.0	0.01	BUY
2021-08-05T15:21:58.7197424Z	4478121.0	0.01	SELL
2021-08-05T15:21:58.7197424Z	4478120.0	0.01	SELL
2021-08-05T15:21:58.7197424Z	4478120.0	0.01	SELL
2021-08-05T15:21:58.7197424Z	4478117.0	0.03	SELL
2021-08-05T15:21:58.7197424Z	4478048.0	0.02	SELL
2021-08-05T15:21:58.8707142Z	4478048.0	0.04	SELL
2021-08-05T15:22:01.8653663Z	4478054.0	0.03	SELL
2021-08-05T15:22:01.8653663Z	4478053.0	0.08	SELL
2021-08-05T15:22:01.8653663Z	4478051.0	0.01	SELL
2021-08-05T15:22:01.8809939Z	4478048.0	0.064	SELL
2021-08-05T15:22:03.7810458Z	4479286.0	0.01	BUY
2021-08-05T15:22:03.7810458Z	4479288.0	0.03	BUY
2021-08-05T15:22:03.8482301Z	4479289.0	0.01	BUY
2021-08-05T15:22:03.8482301Z	4479289.0	0.01	BUY
2021-08-05T15:22:03.8650031Z	4479757.0	0.038228	BUY
2021-08-05T15:22:03.9262963Z	4478180.0	0.02	SELL
2021-08-05T15:22:03.9262963Z	4478061.0	0.03	SELL
2021-08-05T15:22:03.9272969Z	4477924.0	0.05	SELL
2021-08-05T15:22:04.5842826Z	4479257.0	0.01	BUY
2021-08-05T15:22:04.5842826Z	4478297.0	0.02	SELL
2021-08-05T15:22:04.5842826Z	4478030.0	0.06	SELL
2021-08-05T15:22:04.5842826Z	4477927.0	0.01	SELL
2021-08-05T15:22:04.5842826Z	4477925.0	0.094	SELL
2021-08-05T15:22:04.7856007Z	4479565.0	0.02	BUY
2021-08-05T15:22:04.9301899Z	4479757.0	0.02	BUY
2021-08-05T15:22:05.4291729Z	4479254.0	0.01	BUY
2021-08-05T15:22:05.5970841Z	4479906.0	0.03	BUY
2021-08-05T15:22:06.278019Z	4479905.0	0.02	BUY
2021-08-05T15:22:06.3953876Z	4479002.0	0.02	SELL
2021-08-05T15:22:06.3953876Z	4478842.0	0.01	SELL
2021-08-05T15:22:06.3953876Z	4478805.0	0.01	SELL
2021-08-05T15:22:06.4121743Z	4478631.0	0.04	SELL
2021-08-05T15:22:06.4121743Z	4478631.0	0.06	SELL
2021-08-05T15:22:06.4457705Z	4477926.0	0.01	SELL
2021-08-05T15:22:06.4457705Z	4477926.0	0.03	SELL
2021-08-05T15:22:06.4457705Z	4477926.0	0.0158596	SELL
2021-08-05T15:22:06.4457705Z	4477925.0	0.0441404	SELL
2021-08-05T15:22:06.4457705Z	4477925.0	0.06	SELL
2021-08-05T15:22:06.4457705Z	4477925.0	0.06	SELL
2021-08-05T15:22:06.463625Z	4477724.0	0.05	SELL
2021-08-05T15:22:06.463625Z	4477722.0	0.01	SELL
2021-08-05T15:22:06.514027Z	4477722.0	0.01	SELL
2021-08-05T15:22:06.514027Z	4477705.0	0.01	SELL
2021-08-05T15:22:06.514027Z	4477646.0	0.02	SELL
2021-08-05T15:22:06.514027Z	4477450.0	0.02	SELL
2021-08-05T15:22:06.5643497Z	4477794.0	0.04	SELL
2021-08-05T15:22:06.5643497Z	4477794.0	0.00239497	SELL
2021-08-05T15:22:06.5643497Z	4477450.0	0.02	SELL
2021-08-05T15:22:06.5643497Z	4477350.0	0.02	SELL
2021-08-05T15:22:06.5643497Z	4477200.0	0.01760503	SELL
2021-08-05T15:22:06.5643497Z	4477200.0	0.00239497	SELL
2021-08-05T15:22:06.5643497Z	4477200.0	0.02	SELL
2021-08-05T15:22:06.5643497Z	4477200.0	0.01760503	SELL
2021-08-05T15:22:07.2272035Z	4477902.0	0.02	SELL
2021-08-05T15:22:07.2272035Z	4477357.0	0.01	SELL
2021-08-05T15:22:07.2272035Z	4477357.0	0.03	SELL
2021-08-05T15:22:07.2607746Z	4477357.0	0.04	SELL
2021-08-05T15:22:07.2775867Z	4478179.0	0.01	BUY
2021-08-05T15:22:07.4287569Z	4477357.0	0.03223969	SELL
2021-08-05T15:22:07.4287569Z	4477203.0	0.00776031	SELL
2021-08-05T15:22:07.899555Z	4477203.0	0.00223969	SELL
2021-08-05T15:22:07.899555Z	4477203.0	0.00999031	SELL
2021-08-05T15:22:09.2791916Z	4477979.0	0.01	BUY
2021-08-05T15:22:12.0172999Z	4477979.0	0.01	BUY
2021-08-05T15:22:12.0172999Z	4477980.0	0.01	BUY
2021-08-05T15:22:12.0172999Z	4477983.0	0.01	BUY
2021-08-05T15:22:12.0172999Z	4478177.0	0.05	BUY
2021-08-05T15:22:12.0340705Z	4478177.0	0.089	BUY
2021-08-05T15:22:12.2273368Z	4478177.0	0.06	BUY
2021-08-05T15:22:13.312453Z	4478119.0	0.01	BUY
2021-08-05T15:22:13.5044636Z	4477206.0	0.01	SELL
2021-08-05T15:22:13.5044636Z	4477203.0	9.69e-06	SELL
2021-08-05T15:22:13.5044636Z	4477200.0	0.00239497	SELL
2021-08-05T15:22:13.5044636Z	4477159.0	0.05	SELL
2021-08-05T15:22:13.5044636Z	4476668.0	0.03759534	SELL
2021-08-05T15:22:15.9366615Z	4477549.0	0.01	BUY
2021-08-05T15:22:16.2449796Z	4477800.0	0.01	BUY
2021-08-05T15:22:16.6139309Z	4476672.0	0.01	SELL
2021-08-05T15:22:17.1727368Z	4477090.0	0.02725	SELL
2021-08-05T15:22:17.1747381Z	4477799.0	0.015	BUY
2021-08-05T15:22:18.9581826Z	4477090.0	3.67e-06	SELL
2021-08-05T15:22:18.9591831Z	4476762.0	0.00999633	SELL
2021-08-05T15:22:18.9693787Z	4476762.0	3.67e-06	SELL
2021-08-05T15:22:18.9693787Z	4476669.0	0.00999633	SELL
2021-08-05T15:22:18.9693787Z	4476669.0	0.01000367	SELL
2021-08-05T15:22:18.9693787Z	4476422.0	0.10999633	SELL
2021-08-05T15:22:18.9693787Z	4476422.0	0.03	SELL
2021-08-05T15:22:19.327643Z	4476422.0	0.02	SELL
2021-08-05T15:22:19.327643Z	4476422.0	0.84000367	SELL
2021-08-05T15:22:19.5977418Z	4476160.0	0.021	SELL
2021-08-05T15:22:19.5977418Z	4476160.0	0.009	SELL
2021-08-05T15:22:19.6480978Z	4476160.0	0.012	SELL
2021-08-05T15:22:19.6806208Z	4477177.0	0.01	BUY
2021-08-05T15:22:20.3454923Z	4475620.0	0.05	SELL
2021-08-05T15:22:20.6073257Z	4475605.0	0.01	SELL
2021-08-05T15:22:21.8000099Z	4476605.0	0.01	SELL
2021-08-05T15:22:22.0446617Z	4475563.0	0.03	SELL
2021-08-05T15:22:22.0446617Z	4475585.0	0.05	BUY
2021-08-05T15:22:22.4286028Z	4475529.0	0.01	SELL
2021-08-05T15:22:22.7661857Z	4475354.0	0.01	SELL
2021-08-05T15:22:22.7829789Z	4475150.0	0.02	SELL
2021-08-05T15:22:22.7829789Z	4475115.0	0.01	SELL
2021-08-05T15:22:22.7829789Z	4475093.0	0.01047857	SELL
2021-08-05T15:22:22.7829789Z	4475000.0	0.03	SELL
2021-08-05T15:22:22.7829789Z	4475000.0	0.02952143	SELL
2021-08-05T15:22:22.7829789Z	4475581.0	0.01	BUY
2021-08-05T15:22:23.0057277Z	4475000.0	0.03	SELL
2021-08-05T15:22:23.0225049Z	4475000.0	0.03	SELL
2021-08-05T15:22:23.1245625Z	4475000.0	0.02	SELL
2021-08-05T15:22:23.1245625Z	4475000.0	0.60516	SELL
2021-08-05T15:22:23.1245625Z	4475000.0	0.01	SELL
2021-08-05T15:22:23.1794821Z	4475000.0	0.04	SELL
2021-08-05T15:22:23.1944696Z	4475000.0	0.1	SELL
2021-08-05T15:22:23.19847Z	4475000.0	0.02	SELL
2021-08-05T15:22:23.2124709Z	4475000.0	0.01	SELL
2021-08-05T15:22:23.3777532Z	4475000.0	0.10531	SELL
2021-08-05T15:22:23.9292573Z	4475000.0	8.57e-06	SELL
2021-08-05T15:22:23.9302573Z	4474924.0	0.00999143	SELL
2021-08-05T15:22:23.9861251Z	4475072.0	0.02	BUY
2021-08-05T15:22:24.1996146Z	4475063.0	0.01	BUY
2021-08-05T15:22:24.6735714Z	4475060.0	0.01	BUY
2021-08-05T15:22:25.0166261Z	4475482.0	0.02	BUY
2021-08-05T15:22:25.3946764Z	4474924.0	8.57e-06	SELL
2021-08-05T15:22:25.3946764Z	4474811.0	0.01	SELL
2021-08-05T15:22:25.3946764Z	4474811.0	0.00999143	SELL
2021-08-05T15:22:25.6452021Z	4474811.0	8.57e-06	SELL
2021-08-05T15:22:25.6630315Z	4474749.0	0.0425154	SELL
2021-08-05T15:22:25.6630315Z	4474749.0	0.0212146	SELL
2021-08-05T15:22:25.6630315Z	4474749.0	2.73e-06	SELL
2021-08-05T15:22:25.6630315Z	4474711.0	0.06020547	SELL
2021-08-05T15:22:26.2222775Z	4474350.0	0.01	SELL
2021-08-05T15:22:26.2232768Z	4474138.0	0.002	SELL
2021-08-05T15:22:26.3803011Z	4474138.0	0.008	SELL
2021-08-05T15:22:26.3803011Z	4473902.0	0.01122784	SELL
2021-08-05T15:22:26.3803011Z	4473902.0	0.00077216	SELL
2021-08-05T15:22:26.5815543Z	4473902.0	0.012	SELL
2021-08-05T15:22:26.5815543Z	4473902.0	0.04743331	SELL
2021-08-05T15:22:26.5815543Z	4473250.0	0.02	SELL
2021-08-05T15:22:26.5815543Z	4472882.0	0.00256669	SELL
2021-08-05T15:22:26.783044Z	4472882.0	0.012	SELL
2021-08-05T15:22:26.7997997Z	4472882.0	0.025	SELL
2021-08-05T15:22:26.8502566Z	4472882.0	0.00043331	SELL
2021-08-05T15:22:26.8502566Z	4472551.0	0.01	SELL
2021-08-05T15:22:26.8502566Z	4472513.0	0.02	SELL
2021-08-05T15:22:26.8502566Z	4472494.0	0.00956669	SELL
2021-08-05T15:22:27.2265761Z	4472990.0	0.02	SELL
2021-08-05T15:22:27.2265761Z	4472885.0	0.01	SELL
2021-08-05T15:22:28.5309266Z	4472494.0	0.00166115	SELL
2021-08-05T15:22:28.5309266Z	4472494.0	0.04833885	SELL
2021-08-05T15:22:29.362844Z	4472494.0	0.01186662	SELL
2021-08-05T15:22:29.362844Z	4471900.0	0.03813338	SELL
2021-08-05T15:22:29.8335758Z	4473000.0	0.01	BUY
2021-08-05T15:22:30.5452506Z	4473449.0	0.01	BUY
2021-08-05T15:22:30.5452506Z	4473500.0	0.03	BUY
2021-08-05T15:22:30.9666738Z	4473439.0	0.01	BUY
2021-08-05T15:22:31.061524Z	4472407.0	0.01	SELL
2021-08-05T15:22:31.1445717Z	4472221.0	0.02	SELL
2021-08-05T15:22:31.1445717Z	4471907.0	0.03	SELL
2021-08-05T15:22:31.6293245Z	4473436.0	0.01	BUY
2021-08-05T15:22:33.5455813Z	4473681.0	0.01	BUY
2021-08-05T15:22:33.5455813Z	4473681.0	0.01	BUY
2021-08-05T15:22:35.2267082Z	4473681.0	0.01	BUY
2021-08-05T15:22:35.2267082Z	4473684.0	0.04	BUY
2021-08-05T15:22:35.2602914Z	4472266.0	0.01	SELL
2021-08-05T15:22:35.8135768Z	4472266.0	0.01	SELL
2021-08-05T15:22:35.8461739Z	4473631.0	0.01	BUY
2021-08-05T15:22:35.8640077Z	4473682.0	0.02	BUY
2021-08-05T15:22:35.8640077Z	4473731.0	0.01	BUY
2021-08-05T15:22:35.8808519Z	4473732.0	0.03	BUY
2021-08-05T15:22:36.1809315Z	4472560.0	0.01	SELL
2021-08-05T15:22:36.5447527Z	4474485.0	0.01	BUY
2021-08-05T15:22:36.5447527Z	4474674.0	0.01	BUY
2021-08-05T15:22:37.0483687Z	4473968.0	0.01	BUY
2021-08-05T15:22:37.4112637Z	4473060.0	0.01	SELL
2021-08-05T15:22:37.4112637Z	4472426.0	0.01	SELL
2021-08-05T15:22:37.4112637Z	4472409.0	0.03	SELL
2021-08-05T15:22:38.0878531Z	4472409.0	0.02948886	SELL
2021-08-05T15:22:38.0878531Z	4472404.0	0.27	SELL
2021-08-05T15:22:38.0878531Z	4472403.0	0.02	SELL
2021-08-05T15:22:38.0878531Z	4472334.0	0.03	SELL
2021-08-05T15:22:38.0878531Z	4472264.0	0.27	SELL
2021-08-05T15:22:38.0878531Z	4472263.0	0.01	SELL
2021-08-05T15:22:38.0878531Z	4472189.0	0.01	SELL
2021-08-05T15:22:38.0878531Z	4471925.0	0.02	SELL
2021-08-05T15:22:38.0878531Z	4471913.0	0.01	SELL
2021-08-05T15:22:38.0878531Z	4471912.0	0.02	SELL
2021-08-05T15:22:38.0878531Z	4471909.0	0.27	SELL
2021-08-05T15:22:38.0878531Z	4471907.0	0.04051114	SELL
2021-08-05T15:22:38.9434772Z	4473468.0	0.01	BUY
2021-08-05T15:22:38.9434772Z	4473641.0	0.01	BUY
2021-08-05T15:22:38.9434772Z	4473641.0	0.01	BUY
2021-08-05T15:22:38.9434772Z	4473643.0	0.01	BUY
2021-08-05T15:22:38.944478Z	4473647.0	0.01	BUY
2021-08-05T15:22:38.944478Z	4473850.0	0.01	BUY
2021-08-05T15:22:39.2602824Z	4471908.0	0.27	SELL
2021-08-05T15:22:39.2602824Z	4471907.0	0.22948886	SELL
2021-08-05T15:22:39.2602824Z	4471900.0	0.02207209	SELL
2021-08-05T15:22:39.2602824Z	4471655.0	0.028	SELL
2021-08-05T15:22:39.2602824Z	4471449.0	0.02044025	SELL
2021-08-05T15:22:39.2602824Z	4471250.0	0.02	SELL
2021-08-05T15:22:39.2602824Z	4471250.0	0.17	SELL
2021-08-05T15:22:39.2602824Z	4470993.0	0.01578983	SELL
2021-08-05T15:22:39.2602824Z	4470840.0	0.01	SELL
2021-08-05T15:22:39.2602824Z	4470767.0	0.05950016	SELL
2021-08-05T15:22:39.2602824Z	4470760.0	0.02	SELL
2021-08-05T15:22:39.2602824Z	4470753.0	0.01	SELL
2021-08-05T15:22:39.2602824Z	4470747.0	0.06	SELL
2021-08-05T15:22:39.2602824Z	4470703.0	0.021	SELL
2021-08-05T15:22:39.2602824Z	4470625.0	0.04370881	SELL
2021-08-05T15:22:39.7981832Z	4473204.0	0.02	BUY
2021-08-05T15:22:39.7981832Z	4473464.0	0.01	BUY
2021-08-05T15:22:39.7981832Z	4473466.0	0.01	BUY
2021-08-05T15:22:41.2608182Z	4472695.0	0.02	BUY
2021-08-05T15:22:41.8312878Z	4471170.0	0.03	SELL
2021-08-05T15:22:41.8312878Z	4471001.0	0.03	SELL
2021-08-05T15:22:41.9663573Z	4471000.0	0.01	SELL
2021-08-05T15:22:41.9663573Z	4471000.0	0.01	SELL
2021-08-05T15:22:41.9663573Z	4470997.0	0.01	SELL
2021-08-05T15:22:42.2760983Z	4471250.0	0.17	SELL
2021-08-05T15:22:43.1933067Z	4470874.0	0.02	SELL
2021-08-05T15:22:43.1933067Z	4470533.0	0.02	SELL
2021-08-05T15:22:44.2434297Z	4470536.0	0.01	SELL
2021-08-05T15:22:44.2434297Z	4470533.0	0.02	SELL
2021-08-05T15:22:46.0051718Z	4470533.0	0.01	SELL
2021-08-05T15:22:46.1448885Z	4471533.0	0.01	SELL
2021-08-05T15:22:46.1459226Z	4471687.0	0.01	BUY
2021-08-05T15:22:46.2602107Z	4472186.0	0.03	BUY
2021-08-05T15:22:46.2602107Z	4472188.0	0.01	BUY
2021-08-05T15:22:47.0176355Z	4472190.0	0.02	BUY
2021-08-05T15:22:47.5776178Z	4472195.0	0.01	BUY
2021-08-05T15:22:47.8677022Z	4471730.0	0.25	BUY
2021-08-05T15:22:49.8810567Z	4471250.0	0.01	SELL
2021-08-05T15:22:49.8810567Z	4470533.0	0.04	SELL
2021-08-05T15:22:50.2257035Z	4470533.0	0.00658517	SELL
2021-08-05T15:22:50.2257035Z	4470465.0	0.01	SELL
2021-08-05T15:22:50.2257035Z	4470465.0	0.01	SELL
2021-08-05T15:22:50.2257035Z	4470065.0	0.02341483	SELL
2021-08-05T15:22:50.5276515Z	4470294.0	0.02	SELL
2021-08-05T15:22:50.5276515Z	4470107.0	0.02	SELL
2021-08-05T15:22:50.7793275Z	4471489.0	0.01	BUY
2021-08-05T15:22:51.0952881Z	4471489.0	0.1002082	BUY
2021-08-05T15:22:51.294789Z	4471490.0	0.02	BUY
2021-08-05T15:22:51.7180369Z	4470418.0	0.01	SELL
2021-08-05T15:22:51.7180369Z	4470416.0	0.04	SELL
2021-08-05T15:22:51.9321671Z	4470418.0	0.01	SELL
2021-08-05T15:22:51.9321671Z	4470416.0	0.03	SELL
2021-08-05T15:22:51.9341663Z	4470416.0	0.04	SELL
2021-08-05T15:22:51.9351659Z	4470416.0	0.04	SELL
2021-08-05T15:22:51.9371653Z	4470415.0	0.03	SELL
2021-08-05T15:22:51.9371653Z	4470385.0	0.01	SELL
2021-08-05T15:22:51.9381651Z	4470301.0	0.04	SELL
2021-08-05T15:22:51.9441662Z	4470301.0	0.01948886	SELL
2021-08-05T15:22:51.9441662Z	4470301.0	0.02051114	SELL
2021-08-05T15:22:51.9471657Z	4470301.0	0.02	SELL
2021-08-05T15:22:51.9511669Z	4470301.0	0.01	SELL
2021-08-05T15:22:51.9521666Z	4470301.0	0.00898031	SELL
2021-08-05T15:22:51.9521666Z	4470107.0	0.00101969	SELL
2021-08-05T15:22:51.9531652Z	4470107.0	0.00898031	SELL
2021-08-05T15:22:51.9541647Z	4470000.0	0.01	SELL
2021-08-05T15:22:51.9541647Z	4470000.0	0.02101969	SELL
2021-08-05T15:22:51.9782096Z	4470000.0	0.06	SELL
2021-08-05T15:22:52.062224Z	4470000.0	0.04	SELL
2021-08-05T15:22:52.062224Z	4470000.0	0.08	SELL
2021-08-05T15:22:52.1294233Z	4470000.0	0.089	SELL
2021-08-05T15:22:52.1937721Z	4470000.0	0.03	SELL
2021-08-05T15:22:52.4271727Z	4470000.0	0.01	SELL
2021-08-05T15:22:53.2807547Z	4470000.0	0.16998031	SELL
2021-08-05T15:22:53.2807547Z	4470000.0	0.03001969	SELL
2021-08-05T15:22:53.6867599Z	4470000.0	0.01998	SELL
2021-08-05T15:22:53.8712215Z	4470000.0	3.1e-07	SELL
2021-08-05T15:22:53.8712215Z	4469885.0	0.01999969	SELL
2021-08-05T15:22:53.9127731Z	4469885.0	3.1e-07	SELL
2021-08-05T15:22:53.9137742Z	4469749.0	0.01	SELL
2021-08-05T15:22:53.9137742Z	4469691.0	0.01	SELL
2021-08-05T15:22:53.9137742Z	4469526.0	0.06229017	SELL
2021-08-05T15:22:53.9237722Z	4469516.0	0.04270698	SELL
2021-08-05T15:22:53.9237722Z	4469495.0	0.01729302	SELL
2021-08-05T15:22:53.9825977Z	4469495.0	0.04291245	SELL
2021-08-05T15:22:53.9825977Z	4469495.0	0.00708755	SELL
2021-08-05T15:22:54.0833194Z	4469495.0	0.00414029	SELL
2021-08-05T15:22:54.0833194Z	4469450.0	0.00585971	SELL
2021-08-05T15:22:54.2607115Z	4469450.0	0.01	SELL
2021-08-05T15:22:54.3951833Z	4469450.0	0.00414029	SELL
2021-08-05T15:22:54.6023253Z	4469448.0	0.02	SELL
2021-08-05T15:22:54.6023253Z	4469444.0	0.01	SELL
2021-08-05T15:22:54.6023253Z	4469265.0	0.01122784	SELL
2021-08-05T15:22:54.6023253Z	4469265.0	0.06020547	SELL
2021-08-05T15:22:54.6023253Z	4469195.0	0.01	SELL
2021-08-05T15:22:54.9202488Z	4469195.0	0.01	SELL
2021-08-05T15:22:54.9262499Z	4469195.0	0.00216616	SELL
2021-08-05T15:22:55.0997731Z	4469824.0	0.01	BUY
2021-08-05T15:22:55.2930119Z	4469037.0	0.01129411	SELL
2021-08-05T15:22:55.2930119Z	4469037.0	0.06066927	SELL
2021-08-05T15:22:55.2930119Z	4469037.0	0.04999662	SELL
2021-08-05T15:22:55.2930119Z	4469037.0	3.38e-06	SELL
2021-08-05T15:22:55.2930119Z	4468897.0	0.00999662	SELL
2021-08-05T15:22:55.9674904Z	4469638.0	0.01	BUY
2021-08-05T15:22:56.0137074Z	4468898.0	0.1	SELL
2021-08-05T15:22:56.1314744Z	4468897.0	3.38e-06	SELL
2021-08-05T15:22:56.1314744Z	4468567.0	0.01	SELL
2021-08-05T15:22:56.1314744Z	4468465.0	0.01	SELL
2021-08-05T15:22:56.1314744Z	4468441.0	0.06	SELL
2021-08-05T15:22:56.1314744Z	4468383.0	0.01	SELL
2021-08-05T15:22:56.1314744Z	4468326.0	0.01	SELL
2021-08-05T15:22:56.1314744Z	4468254.0	0.01999662	SELL
2021-08-05T15:22:56.5633264Z	4468254.0	0.01	SELL
2021-08-05T15:22:57.1184155Z	4468254.0	0.04000338	SELL
2021-08-05T15:22:57.1184155Z	4468240.0	0.032	SELL
2021-08-05T15:22:57.1184155Z	4468230.0	0.02	SELL
2021-08-05T15:22:57.1184155Z	4468099.0	0.01	SELL
2021-08-05T15:22:57.1184155Z	4468066.0	0.02	SELL
2021-08-05T15:22:57.1184155Z	4468066.0	0.02	SELL
2021-08-05T15:22:57.1184155Z	4468066.0	0.02	SELL
2021-08-05T15:22:57.1184155Z	4468066.0	0.02	SELL
2021-08-05T15:22:57.1184155Z	4468066.0	0.01799662	SELL
2021-08-05T15:22:57.2752585Z	4468897.0	0.05	BUY
2021-08-05T15:22:57.931481Z	4468066.0	0.00200338	SELL
2021-08-05T15:22:57.931481Z	4468066.0	0.015	SELL
2021-08-05T15:22:57.931481Z	4468066.0	0.015	SELL
2021-08-05T15:22:57.931481Z	4468066.0	0.03	SELL
2021-08-05T15:22:57.931481Z	4468066.0	0.015	SELL
2021-08-05T15:22:57.931481Z	4468066.0	0.015	SELL
2021-08-05T15:22:57.931481Z	4468066.0	0.00799662	SELL
2021-08-05T15:22:58.2178871Z	4468066.0	0.02200338	SELL
2021-08-05T15:22:58.2178871Z	4467897.0	0.00799662	SELL
2021-08-05T15:22:58.3108957Z	4468255.0	0.01	SELL
2021-08-05T15:22:58.3736244Z	4468810.0	0.01	BUY
2021-08-05T15:22:58.6196463Z	4468810.0	0.02	BUY
2021-08-05T15:22:58.6196463Z	4468894.0	0.01	BUY
2021-08-05T15:22:58.6196463Z	4468894.0	0.01	BUY
2021-08-05T15:22:58.6196463Z	4468894.0	0.01	BUY
2021-08-05T15:22:58.6196463Z	4468897.0	0.03372379	BUY
2021-08-05T15:22:58.6206784Z	4468897.0	0.01	BUY
2021-08-05T15:22:58.8220271Z	4467897.0	0.02200338	SELL
2021-08-05T15:22:58.8220271Z	4467873.0	0.01	SELL
2021-08-05T15:22:58.8220271Z	4467779.0	0.02126407	SELL
2021-08-05T15:22:58.8220271Z	4467753.0	0.015	SELL
2021-08-05T15:22:58.8220271Z	4467650.0	0.02	SELL
2021-08-05T15:22:58.8220271Z	4467532.0	0.05	SELL
2021-08-05T15:22:58.8220271Z	4467528.0	0.03	SELL
2021-08-05T15:22:58.8220271Z	4467528.0	0.01047857	SELL
2021-08-05T15:22:58.8220271Z	4467490.0	0.06053933	SELL
2021-08-05T15:22:58.8220271Z	4467490.0	0.01126993	SELL
2021-08-05T15:22:58.8220271Z	4467367.0	0.04	SELL
2021-08-05T15:22:58.8220271Z	4467277.0	0.02	SELL
2021-08-05T15:22:58.8220271Z	4467276.0	0.22	SELL
2021-08-05T15:22:58.8220271Z	4467260.0	0.02	SELL
2021-08-05T15:22:58.8220271Z	4466995.0	0.01	SELL
2021-08-05T15:22:58.8220271Z	4466906.0	0.01533019	SELL
2021-08-05T15:22:58.8220271Z	4466885.0	0.02	SELL
2021-08-05T15:22:58.8220271Z	4466709.0	0.00411453	SELL
2021-08-05T15:22:58.8220271Z	4468897.0	0.06	BUY
2021-08-05T15:22:58.8377854Z	4468897.0	0.04	BUY
2021-08-05T15:22:58.8388196Z	4468897.0	0.089	BUY
2021-08-05T15:22:58.8714141Z	4468897.0	0.08	BUY
2021-08-05T15:22:58.9089724Z	4468897.0	0.028	BUY
2021-08-05T15:22:58.9279723Z	4468897.0	0.60927621	BUY
2021-08-05T15:22:58.9569704Z	4469013.0	0.02	BUY
2021-08-05T15:22:59.1539694Z	4468796.0	0.03	BUY
2021-08-05T15:22:59.4101135Z	4469360.0	0.01	BUY
2021-08-05T15:22:59.6785064Z	4469443.0	0.02	BUY
2021-08-05T15:22:59.6958505Z	4469445.0	0.01	BUY
2021-08-05T15:22:59.8467957Z	4469762.0	0.06	BUY
2021-08-05T15:22:59.8467957Z	4469817.0	0.03	BUY
2021-08-05T15:23:00.3948421Z	4469770.0	0.03	BUY
2021-08-05T15:23:00.5292942Z	4470059.0	0.01	BUY
2021-08-05T15:23:00.5292942Z	4470207.0	0.01	BUY
2021-08-05T15:23:01.1342955Z	4469258.0	0.12	SELL
2021-08-05T15:23:01.1510726Z	4471153.0	0.01	BUY
2021-08-05T15:23:01.1510726Z	4471153.0	0.01	BUY
2021-08-05T15:23:01.1510726Z	4471153.0	0.02	BUY
2021-08-05T15:23:01.1510726Z	4471154.0	0.01	BUY
2021-08-05T15:23:01.1510726Z	4471155.0	0.02	BUY
2021-08-05T15:23:01.1510726Z	4471311.0	0.01	BUY
2021-08-05T15:23:01.1510726Z	4471312.0	0.02	BUY
2021-08-05T15:23:01.4031666Z	4471377.0	0.1	BUY
2021-08-05T15:23:01.7606071Z	4469758.0	0.01	SELL
2021-08-05T15:23:01.7606071Z	4469680.0	0.01	SELL
2021-08-05T15:23:01.7606071Z	4469670.0	0.02	SELL
2021-08-05T15:23:01.7606071Z	4469601.0	0.01	SELL
2021-08-05T15:23:02.3778364Z	4469680.0	0.01	SELL
2021-08-05T15:23:02.3946202Z	4469259.0	0.02	SELL
2021-08-05T15:23:02.5795231Z	4469218.0	0.05	SELL
2021-08-05T15:23:02.5795231Z	4469075.0	0.03	SELL
2021-08-05T15:23:02.7211042Z	4469044.0	0.02	SELL
2021-08-05T15:23:02.7211042Z	4469043.0	0.02	SELL
2021-08-05T15:23:02.7211042Z	4469037.0	0.02	SELL
2021-08-05T15:23:03.5560989Z	4467948.0	0.01	SELL
2021-08-05T15:23:03.5560989Z	4467901.0	0.01	SELL
2021-08-05T15:23:03.5560989Z	4467898.0	0.03	SELL
2021-08-05T15:23:03.807541Z	4467898.0	0.01	SELL
2021-08-05T15:23:03.9986241Z	4467898.0	0.01	SELL
2021-08-05T15:23:04.1723384Z	4467898.0	0.03	SELL
2021-08-05T15:23:05.4267758Z	4469037.0	0.01	BUY
2021-08-05T15:23:05.4772281Z	4469037.0	0.03	BUY
2021-08-05T15:23:05.4772281Z	4469037.0	0.01	BUY
2021-08-05T15:23:05.6793682Z	4469265.0	0.01	BUY
2021-08-05T15:23:05.6793682Z	4469268.0	0.01	BUY
2021-08-05T15:23:05.8187885Z	4469768.0	0.09	BUY
2021-08-05T15:23:05.8523414Z	4468051.0	0.01	SELL
2021-08-05T15:23:06.4782035Z	4469037.0	0.01	SELL
2021-08-05T15:23:06.4950019Z	4469037.0	0.04	SELL
2021-08-05T15:23:07.326489Z	4468654.0	0.02	SELL
2021-08-05T15:23:07.326489Z	4468604.0	0.01	SELL
2021-08-05T15:23:07.9060543Z	4468604.0	0.01	SELL
2021-08-05T15:23:08.2753638Z	4468407.0	0.01	SELL
2021-08-05T15:23:08.2753638Z	4468407.0	0.01	SELL
2021-08-05T15:23:08.6955133Z	4468404.0	0.01	SELL
2021-08-05T15:23:08.8977717Z	4467920.0	0.015	SELL
2021-08-05T15:23:09.6612043Z	4467920.0	0.045	SELL
2021-08-05T15:23:09.6612043Z	4467137.0	0.01149764	SELL
2021-08-05T15:23:09.6612043Z	4466988.0	0.01550236	SELL
2021-08-05T15:23:09.828889Z	4468604.0	0.1	BUY
2021-08-05T15:23:09.8299173Z	4468632.0	0.01	BUY
2021-08-05T15:23:10.0811348Z	4467927.0	0.015	SELL
2021-08-05T15:23:10.3927271Z	4467926.0	0.01	SELL
2021-08-05T15:23:10.4598691Z	4467926.0	0.04	SELL
2021-08-05T15:23:10.4766426Z	4467926.0	0.00954386	SELL
2021-08-05T15:23:10.4766426Z	4466917.0	0.05045614	SELL
2021-08-05T15:23:10.4766426Z	4466917.0	0.01	SELL
2021-08-05T15:23:10.5943206Z	4466917.0	0.13954386	SELL
2021-08-05T15:23:10.5943206Z	4466888.0	0.00995614	SELL
2021-08-05T15:23:10.5943206Z	4466888.0	0.08	SELL
2021-08-05T15:23:10.6110937Z	4466860.0	0.028	SELL
2021-08-05T15:23:10.6110937Z	4466734.0	0.02	SELL
2021-08-05T15:23:10.6613956Z	4466614.0	0.01	SELL
2021-08-05T15:23:10.6613956Z	4466519.0	0.01	SELL
2021-08-05T15:23:10.6781558Z	4466519.0	0.03271277	SELL
2021-08-05T15:23:10.6781558Z	4466484.0	0.00728723	SELL
2021-08-05T15:23:10.7285171Z	4466484.0	0.00271277	SELL
2021-08-05T15:23:10.7285171Z	4466465.0	0.00828723	SELL
2021-08-05T15:23:10.7453359Z	4466465.0	0.00171277	SELL
2021-08-05T15:23:10.7453359Z	4466441.0	0.00828723	SELL
2021-08-05T15:23:10.7453359Z	4466441.0	0.00171277	SELL
2021-08-05T15:23:10.7609663Z	4466293.0	0.01	SELL
2021-08-05T15:23:10.7611163Z	4466270.0	0.01	SELL
2021-08-05T15:23:10.7611163Z	4466249.0	0.01	SELL
2021-08-05T15:23:10.7611163Z	4466195.0	0.00828723	SELL
2021-08-05T15:23:10.7621575Z	4466195.0	0.00171277	SELL
2021-08-05T15:23:10.7621575Z	4466158.0	0.00828723	SELL
2021-08-05T15:23:10.8136011Z	4467917.0	0.01	SELL
2021-08-05T15:23:10.8807694Z	4466158.0	0.04	SELL
2021-08-05T15:23:10.9153943Z	4466158.0	0.09	SELL
2021-08-05T15:23:10.9173955Z	4466158.0	0.01	SELL
2021-08-05T15:23:10.9213947Z	4466830.0	0.02	BUY
2021-08-05T15:23:10.9213947Z	4467520.0	0.01	BUY
2021-08-05T15:23:10.9384463Z	4466158.0	0.01	SELL
2021-08-05T15:23:10.9493925Z	4466158.0	0.02	SELL
2021-08-05T15:23:10.9513926Z	4466158.0	0.00171277	SELL
2021-08-05T15:23:10.9523937Z	4466140.0	0.00828723	SELL
2021-08-05T15:23:11.0109731Z	4466140.0	0.01291482	SELL
2021-08-05T15:23:11.0109731Z	4466140.0	0.01	SELL
2021-08-05T15:23:11.0109731Z	4466138.0	0.01	SELL
2021-08-05T15:23:11.0267477Z	4466081.0	0.04270698	SELL
2021-08-05T15:23:11.0267477Z	4466081.0	0.02125316	SELL
2021-08-05T15:23:11.0267477Z	4466048.0	0.01	SELL
2021-08-05T15:23:11.0267477Z	4466026.0	0.00312504	SELL
2021-08-05T15:23:11.0277938Z	4466026.0	0.00815511	SELL
2021-08-05T15:23:11.0277938Z	4466026.0	0.06045684	SELL
2021-08-05T15:23:11.0277938Z	4466015.0	0.02	SELL
2021-08-05T15:23:11.0277938Z	4466014.0	0.011	SELL
2021-08-05T15:23:11.0277938Z	4465954.0	0.01038805	SELL
2021-08-05T15:23:11.0277938Z	4465954.0	0.05006879	SELL
2021-08-05T15:23:11.0277938Z	4465779.0	0.01	SELL
2021-08-05T15:23:11.0277938Z	4465757.0	0.01047857	SELL
2021-08-05T15:23:11.0435838Z	4465500.0	0.02	SELL
2021-08-05T15:23:11.0435838Z	4465432.0	0.01945264	SELL
2021-08-05T15:23:11.0614133Z	4465432.0	0.02	SELL
2021-08-05T15:23:11.1118329Z	4465432.0	0.00054736	SELL
2021-08-05T15:23:11.1118329Z	4465397.0	0.01	SELL
2021-08-05T15:23:11.1118329Z	4465247.0	0.02120205	SELL
2021-08-05T15:23:11.1118329Z	4465129.0	0.02	SELL
2021-08-05T15:23:11.1118329Z	4465044.0	0.01	SELL
2021-08-05T15:23:11.1118329Z	4465000.0	0.012	SELL
2021-08-05T15:23:11.1118329Z	4464973.0	0.02625059	SELL
2021-08-05T15:23:11.1285836Z	4464973.0	0.0719	SELL
2021-08-05T15:23:11.1285836Z	4464973.0	0.10184941	SELL
2021-08-05T15:23:11.1285836Z	4464732.0	0.01	SELL
2021-08-05T15:23:11.1285836Z	4464650.0	0.02	SELL
2021-08-05T15:23:11.1285836Z	4464394.0	0.06815059	SELL
2021-08-05T15:23:11.392956Z	4464394.0	0.01	SELL
2021-08-05T15:23:11.4434389Z	4466325.0	0.01	BUY
2021-08-05T15:23:11.4604667Z	4466325.0	0.01	BUY
2021-08-05T15:23:11.7288917Z	4465435.0	0.01	SELL
2021-08-05T15:23:12.0827763Z	4465436.0	0.09	SELL
2021-08-05T15:23:12.1498146Z	4466178.0	0.01	BUY
2021-08-05T15:23:12.1855602Z	4466178.0	0.01	BUY
2021-08-05T15:23:12.1865572Z	4466181.0	0.03	BUY
2021-08-05T15:23:12.1885573Z	4466181.0	0.01695128	BUY
2021-08-05T15:23:12.1885573Z	4466323.0	0.03	BUY
2021-08-05T15:23:12.1885573Z	4466324.0	0.01304872	BUY
2021-08-05T15:23:12.1945571Z	4466324.0	0.00695128	BUY
2021-08-05T15:23:12.1945571Z	4466324.0	0.011	BUY
2021-08-05T15:23:12.1945571Z	4466340.0	0.06204872	BUY
2021-08-05T15:23:12.2025572Z	4466340.0	0.09	BUY
2021-08-05T15:23:12.2115567Z	4466340	0.06	BUY
2021-08-05T15:23:12.2125596Z	4466340	0.05629015	BUY
2021-08-05T15:23:12.2125596Z	4466791	0.00370985	BUY
2021-08-05T15:23:12.2145567Z	4466791	0.00629015	BUY
2021-08-05T15:23:12.2155576Z	4467246	0.02	BUY
2021-08-05T15:23:12.2155576Z	4467247	0.01	BUY
2021-08-05T15:23:12.2155576Z	4467282	0.02370985	BUY
2021-08-05T15:23:12.2255997Z	4467282	0.04019564	BUY
2021-08-05T15:23:12.2255997Z	4467290	0.01980436	BUY
2021-08-05T15:23:12.2255997Z	4467290	0.06	BUY
2021-08-05T15:23:12.2591534Z	4465486	0.01	SELL
2021-08-05T15:23:12.2759788Z	4467273	0.03411453	BUY
2021-08-05T15:23:12.2759788Z	4467290	0.00588547	BUY
2021-08-05T15:23:12.2759788Z	4467290	0.06	BUY
2021-08-05T15:23:12.3262661Z	4467290	0.04	BUY
2021-08-05T15:23:12.3430333Z	4467290	0.01	BUY
2021-08-05T15:23:12.3598119Z	4467290	0.02	BUY
2021-08-05T15:23:12.3765893Z	4466175	0.01	BUY
2021-08-05T15:23:12.3765893Z	4467290	0.01	BUY
2021-08-05T15:23:12.3765893Z	4467290	0.01	BUY
2021-08-05T15:23:12.3933622Z	4467290	0.01	BUY
2021-08-05T15:23:12.4269693Z	4467737.0	0.04	BUY
2021-08-05T15:23:12.4269693Z	4467934.0	0.02	BUY
2021-08-05T15:23:12.5611229Z	4467990.0	0.01	BUY
2021-08-05T15:23:12.5778722Z	4468316.0	0.04	BUY
2021-08-05T15:23:12.9603447Z	4466510.0	0.02	BUY
2021-08-05T15:23:12.9603447Z	4467112.0	0.059	BUY
2021-08-05T15:23:12.9663762Z	4467112.0	0.031	BUY
2021-08-05T15:23:12.9663762Z	4467241.0	0.02	BUY
2021-08-05T15:23:13.1006809Z	4468081.0	0.03370881	BUY
2021-08-05T15:23:13.1006809Z	4468208.0	0.00629119	BUY
2021-08-05T15:23:13.1796308Z	4468208.0	0.00370881	BUY
2021-08-05T15:23:13.1796308Z	4468316.0	0.02	BUY
2021-08-05T15:23:13.1796308Z	4468361.0	0.01	BUY
2021-08-05T15:23:13.1796308Z	4468362.0	0.00629119	BUY
2021-08-05T15:23:13.1826284Z	4468362.0	0.04	BUY
2021-08-05T15:23:13.1836299Z	4468362.0	0.04	BUY
2021-08-05T15:23:13.1846303Z	4468362.0	0.04	BUY
2021-08-05T15:23:13.1856284Z	4468362.0	0.04	BUY
2021-08-05T15:23:13.1876297Z	4468362.0	0.04	BUY
2021-08-05T15:23:13.1886311Z	4468362.0	0.04	BUY
2021-08-05T15:23:13.1906283Z	4468362.0	0.02370881	BUY
2021-08-05T15:23:13.1906283Z	4468490.0	0.01	BUY
2021-08-05T15:23:13.1906283Z	4468503.0	0.00629119	BUY
2021-08-05T15:23:13.1926286Z	4468503.0	0.03570881	BUY
2021-08-05T15:23:13.1936307Z	4468596.0	0.00429119	BUY
2021-08-05T15:23:13.2096306Z	4468596.0	0.04	BUY
2021-08-05T15:23:13.2454786Z	4468596.0	0.01	BUY
2021-08-05T15:23:13.511587Z	4467618.0	0.05	SELL
2021-08-05T15:23:13.7032744Z	4467618.0	0.01202604	SELL
2021-08-05T15:23:13.7032744Z	4466731.0	0.00797396	SELL
2021-08-05T15:23:13.8711182Z	4468585.0	0.01	BUY
2021-08-05T15:23:13.8711182Z	4468595.0	0.02	BUY
2021-08-05T15:23:13.8711182Z	4468602.0	0.07	BUY
2021-08-05T15:23:13.8879631Z	4468594.0	0.039	BUY
2021-08-05T15:23:14.1719656Z	4467141.0	0.02	SELL
2021-08-05T15:23:14.4105607Z	4467141.0	0.01	SELL
2021-08-05T15:23:14.4105607Z	4467141.0	0.01	SELL
2021-08-05T15:23:14.4105607Z	4467104.0	0.02	SELL
2021-08-05T15:23:14.4105607Z	4467094.0	0.01	SELL
2021-08-05T15:23:14.4105607Z	4467091.0	0.01	SELL
2021-08-05T15:23:14.4105607Z	4467077.0	0.01	SELL
2021-08-05T15:23:14.7979108Z	4467077.0	0.01	SELL
2021-08-05T15:23:16.092811Z	4467649.0	0.08	SELL
2021-08-05T15:23:16.3598467Z	4466722.0	0.01	SELL
2021-08-05T15:23:16.6618541Z	4466722.0	0.02	SELL
2021-08-05T15:23:17.1323449Z	4468076.0	0.01	BUY
2021-08-05T15:23:17.1323449Z	4468246.0	0.01	BUY
2021-08-05T15:23:17.3253733Z	4466651.0	0.01	SELL
2021-08-05T15:23:17.6281423Z	4466652.0	0.06	SELL
2021-08-05T15:23:17.6281423Z	4466652.0	0.06	SELL
2021-08-05T15:23:17.6449054Z	4466648.0	0.01	SELL
2021-08-05T15:23:17.6449054Z	4466478.0	0.01	SELL
2021-08-05T15:23:17.6449054Z	4466036.0	0.02	SELL
2021-08-05T15:23:18.2245172Z	4467352.0	0.04	SELL
2021-08-05T15:23:18.2749145Z	4467798.0	0.01	BUY
2021-08-05T15:23:18.3252824Z	4466722.0	0.04	SELL
2021-08-05T15:23:18.3756698Z	4466722.0	0.05	SELL
2021-08-05T15:23:18.4092452Z	4466722.0	0.09	SELL
2021-08-05T15:23:18.4260011Z	4466722.0	0.08	SELL
2021-08-05T15:23:18.4763742Z	4466722.0	0.03954	SELL
2021-08-05T15:23:18.5593582Z	4467036.0	0.01	SELL
2021-08-05T15:23:18.5593582Z	4466722.0	0.02	SELL
2021-08-05T15:23:18.6959298Z	4466722.0	0.68046	SELL
2021-08-05T15:23:19.0832061Z	4466557.0	0.05	SELL
2021-08-05T15:23:19.4104841Z	4466036.0	0.015	SELL
2021-08-05T15:23:19.4775801Z	4466036.0	0.02454386	SELL
2021-08-05T15:23:19.6619758Z	4467664.0	0.02	BUY
2021-08-05T15:23:19.6619758Z	4467664.0	0.02	BUY
2021-08-05T15:23:19.6619758Z	4467711.0	0.01	BUY
2021-08-05T15:23:19.9320666Z	4467214.0	0.01	BUY
2021-08-05T15:23:19.9320666Z	4467285.0	0.01	BUY
2021-08-05T15:23:19.9320666Z	4467338.0	0.02	BUY
2021-08-05T15:23:20.0675998Z	4467663.0	0.09	BUY
2021-08-05T15:23:20.2101415Z	4467211.0	0.01	BUY
2021-08-05T15:23:20.4610564Z	4467208.0	0.01	BUY
2021-08-05T15:23:20.4610564Z	4467491.0	0.01	BUY
2021-08-05T15:23:20.4610564Z	4467660.0	0.01	BUY
2021-08-05T15:23:20.4610564Z	4467660.0	0.01	BUY
2021-08-05T15:23:20.4610564Z	4467663.0	0.02	BUY
2021-08-05T15:23:20.5282333Z	4467663.0	0.01	BUY
2021-08-05T15:23:20.5449934Z	4467663.0	0.01	BUY
2021-08-05T15:23:20.8808045Z	4467657.0	0.01	BUY
2021-08-05T15:23:20.8808045Z	4467663.0	0.03	BUY
2021-08-05T15:23:20.8808045Z	4467663.0	0.04	BUY
2021-08-05T15:23:20.8808045Z	4467663.0	0.04	BUY
2021-08-05T15:23:20.8808045Z	4467663.0	0.03	BUY
2021-08-05T15:23:20.8808045Z	4467713.0	0.02	BUY
2021-08-05T15:23:20.8808045Z	4467717.0	0.01	BUY
2021-08-05T15:23:20.9202946Z	4467717.0	0.011	BUY
2021-08-05T15:23:20.9202946Z	4467727.0	0.02	BUY
2021-08-05T15:23:20.9202946Z	4467796.0	0.01	BUY
2021-08-05T15:23:20.9202946Z	4467857.0	0.01	BUY
2021-08-05T15:23:21.529355Z	4468522.0	0.01	BUY
2021-08-05T15:23:21.7138869Z	4468522.0	0.05202	BUY
2021-08-05T15:23:21.7138869Z	4467664.0	0.01	BUY
2021-08-05T15:23:21.7642927Z	4468572.0	0.06	BUY
2021-08-05T15:23:21.7642927Z	4468926.0	0.03	BUY
2021-08-05T15:23:21.8146117Z	4468926.0	0.08	BUY
2021-08-05T15:23:21.9682267Z	4468926.0	0.00637677	BUY
2021-08-05T15:23:21.9682267Z	4469037.0	0.09212323	BUY
2021-08-05T15:23:22.1281824Z	4468308.0	0.06201358	SELL
2021-08-05T15:23:22.1282329Z	4467890.0	0.03798642	SELL
2021-08-05T15:23:22.1450205Z	4469037.0	0.188	BUY
2021-08-05T15:23:22.2581832Z	4469037.0	0.11987677	BUY
2021-08-05T15:23:22.5266719Z	4469195.0	0.02	BUY
2021-08-05T15:23:22.5602835Z	4469197.0	0.01	BUY
2021-08-05T15:23:22.8286042Z	4469197.0	0.01	BUY
2021-08-05T15:23:22.9341215Z	4470136.0	0.01	BUY
2021-08-05T15:23:22.9341215Z	4470138.0	0.04	BUY
2021-08-05T15:23:22.9341215Z	4470145.0	0.01	BUY
2021-08-05T15:23:22.9652314Z	4468712.0	0.02	SELL
2021-08-05T15:23:23.646927Z	4470311.0	0.01	BUY
2021-08-05T15:23:24.225147Z	4469198.0	0.01	SELL
2021-08-05T15:23:24.225147Z	4469198.0	0.01	SELL
2021-08-05T15:23:24.225147Z	4469195.0	0.05	SELL
2021-08-05T15:23:24.225147Z	4469005.0	0.02	SELL
2021-08-05T15:23:24.2418995Z	4468812.0	0.01	SELL
2021-08-05T15:23:24.2418995Z	4468712.0	0.02	SELL
2021-08-05T15:23:24.2418995Z	4468572.0	0.02	SELL
2021-08-05T15:23:24.2418995Z	4468313.0	0.01	SELL
2021-08-05T15:23:24.2922387Z	4468313.0	0.06	SELL
2021-08-05T15:23:24.5102702Z	4468313.0	0.09	SELL
2021-08-05T15:23:24.5102702Z	4468313.0	0.04	SELL
2021-08-05T15:23:24.5102702Z	4468313.0	0.04	SELL
2021-08-05T15:23:24.5102702Z	4468313.0	0.03	SELL
2021-08-05T15:23:24.5102702Z	4468147.0	0.01	SELL
2021-08-05T15:23:24.5102702Z	4468147.0	0.04	SELL
2021-08-05T15:23:24.5102702Z	4467941.0	0.02	SELL
2021-08-05T15:23:25.4956204Z	4469665.0	0.011	BUY
2021-08-05T15:23:26.1453853Z	4469665.0	0.039	BUY
2021-08-05T15:23:26.1453853Z	4469810.0	0.011	BUY
2021-08-05T15:23:26.4280649Z	4468430.0	0.1	SELL
2021-08-05T15:23:30.6291522Z	4469597.0	0.02	BUY
2021-08-05T15:23:30.8810459Z	4469810.0	0.01	BUY
2021-08-05T15:23:31.1804588Z	4469810.0	0.01	BUY
2021-08-05T15:23:31.3743764Z	4469810.0	0.01	BUY
2021-08-05T15:23:31.8281369Z	4469811.0	0.01	BUY
2021-08-05T15:23:32.257691Z	4469150.0	0.01063029	SELL
2021-08-05T15:23:32.257691Z	4469000.0	0.01936971	SELL
2021-08-05T15:23:32.2744633Z	4470383.0	0.01	BUY
2021-08-05T15:23:32.2744633Z	4471240.0	0.01	BUY
2021-08-05T15:23:32.2744633Z	4471304.0	0.08	BUY
2021-08-05T15:23:33.0995136Z	4469462.0	0.02	SELL
2021-08-05T15:23:34.2910621Z	4470049.0	0.02	BUY
2021-08-05T15:23:34.2910621Z	4470099.0	0.01936971	BUY
2021-08-05T15:23:34.2910621Z	4470811.0	0.00063029	BUY
2021-08-05T15:23:34.3078272Z	4470811.0	0.04	BUY
2021-08-05T15:23:34.3078272Z	4470811.0	0.05936971	BUY
2021-08-05T15:23:34.3078272Z	4470852.0	0.00063029	BUY
2021-08-05T15:23:34.3078272Z	4470852.0	0.02736971	BUY
2021-08-05T15:23:34.3078272Z	4470898.0	0.00263029	BUY
2021-08-05T15:23:34.3078272Z	4470898.0	0.01724228	BUY
2021-08-05T15:23:34.3078272Z	4470947.0	0.02275772	BUY
2021-08-05T15:23:34.3078272Z	4470947.0	0.01520998	BUY
2021-08-05T15:23:34.3078272Z	4471076.0	0.04479002	BUY
2021-08-05T15:23:34.3078272Z	4471076.0	0.00520998	BUY
2021-08-05T15:23:34.3078272Z	4471305.0	0.00479002	BUY
2021-08-05T15:23:34.3582231Z	4471305.0	0.01	BUY
2021-08-05T15:23:34.3582231Z	4471305.0	0.00520998	BUY
2021-08-05T15:23:34.3582231Z	4471310.0	0.00479002	BUY
2021-08-05T15:23:34.4258173Z	4471810.0	0.04	BUY
2021-08-05T15:23:34.4426386Z	4471810.0	0.09	BUY
2021-08-05T15:23:34.7024409Z	4471304.0	0.01	BUY
2021-08-05T15:23:34.7024409Z	4471304.0	0.0052	BUY
2021-08-05T15:23:35.0329622Z	4471304.0	0.0048	BUY
2021-08-05T15:23:35.0329622Z	4471810.0	0.05174	BUY
2021-08-05T15:23:35.3595043Z	4471810.0	0.00480361	BUY
2021-08-05T15:23:35.3595043Z	4471903.0	0.00519639	BUY
2021-08-05T15:23:35.5103015Z	4471903.0	0.01480361	BUY
2021-08-05T15:23:35.5103015Z	4471904.0	0.01	BUY
2021-08-05T15:23:35.5103015Z	4472304.0	0.07519639	BUY
2021-08-05T15:23:35.5438346Z	4472304.0	0.02480361	BUY
2021-08-05T15:23:35.5438346Z	4472438.0	0.01124681	BUY
2021-08-05T15:23:35.5438346Z	4472438.0	0.06031656	BUY
2021-08-05T15:23:35.7450282Z	4472514.0	0.02	BUY
2021-08-05T15:23:35.7450282Z	4472516.0	0.02	BUY
2021-08-05T15:23:35.7450282Z	4472810.0	0.01	BUY
2021-08-05T15:23:35.7450282Z	4472810.0	0.01	BUY
2021-08-05T15:23:35.7786948Z	4472962.0	0.02	BUY
2021-08-05T15:23:35.939827Z	4473096.0	0.01	BUY
2021-08-05T15:23:36.14366Z	4473096.0	0.02	SELL
2021-08-05T15:23:36.14366Z	4473035.0	0.08	SELL
2021-08-05T15:23:36.3248218Z	4473042.0	0.03	SELL
2021-08-05T15:23:36.3248218Z	4473035.0	0.08312878	SELL
2021-08-05T15:23:36.475879Z	4473095.0	0.02	BUY
2021-08-05T15:23:38.2176273Z	4471781.0	0.05	SELL
2021-08-05T15:23:38.2176273Z	4471529.0	0.04920577	SELL
2021-08-05T15:23:38.2176273Z	4471486.0	0.06	SELL
2021-08-05T15:23:38.2176273Z	4471482.0	0.01	SELL
2021-08-05T15:23:38.2186271Z	4471477.0	0.03079423	SELL
2021-08-05T15:23:38.9272763Z	4473093.0	0.01	BUY
2021-08-05T15:23:39.5106187Z	4473094.0	0.01	BUY
2021-08-05T15:23:39.7307541Z	4471955.0	0.01	SELL
2021-08-05T15:23:40.0657539Z	4473041.0	0.01	BUY
2021-08-05T15:23:40.7615975Z	4471801.0	0.02	SELL
2021-08-05T15:23:40.7615975Z	4471769.0	0.02999	SELL
2021-08-05T15:23:40.7615975Z	4471501.0	0.01	SELL
2021-08-05T15:23:40.7615975Z	4471491.0	0.01	SELL
2021-08-05T15:23:42.2574946Z	4471500.0	0.05	SELL
2021-08-05T15:23:42.4263576Z	4470864.0	0.01	SELL
2021-08-05T15:23:42.8841253Z	4471955.0	0.02	BUY
2021-08-05T15:23:43.0321463Z	4472196.0	0.02	BUY
2021-08-05T15:23:43.0331758Z	4472431.0	0.028	BUY
2021-08-05T15:23:43.2422376Z	4471310.0	0.01	SELL
2021-08-05T15:23:43.4096067Z	4471954.0	0.28	BUY
2021-08-05T15:23:44.3249204Z	4471358.0	0.02	SELL
2021-08-05T15:23:45.148351Z	4471358.0	0.022	SELL
2021-08-05T15:23:45.148351Z	4471320.0	0.01	SELL
2021-08-05T15:23:45.148351Z	4471308.0	0.02	SELL
2021-08-05T15:23:45.148351Z	4471178.0	0.01	SELL
2021-08-05T15:23:45.3080021Z	4470879.0	0.02	SELL
2021-08-05T15:23:46.1264509Z	4471050.0	0.02	BUY
2021-08-05T15:23:46.143218Z	4470879.0	0.03953747	SELL
2021-08-05T15:23:46.143218Z	4470874.0	0.06	SELL
2021-08-05T15:23:46.143218Z	4470865.0	0.26246253	SELL
2021-08-05T15:23:46.3244215Z	4472089.0	0.01328437	SELL
2021-08-05T15:23:46.3244215Z	4470879.0	0.00671563	SELL
2021-08-05T15:23:46.9217559Z	4472134.0	0.02	SELL
2021-08-05T15:23:47.5254948Z	4472536.0	0.01	BUY
2021-08-05T15:23:47.5254948Z	4472536.0	0.01	BUY
2021-08-05T15:23:47.5254948Z	4472730.0	0.01	BUY
2021-08-05T15:23:47.5254948Z	4472134.0	0.01	SELL
2021-08-05T15:23:49.0467949Z	4473339.0	0.013	BUY
2021-08-05T15:23:49.6123826Z	4472503.0	0.015	SELL
2021-08-05T15:23:50.3737335Z	4472503.0	0.01	SELL
2021-08-05T15:23:50.3747633Z	4472503.0	0.02	SELL
2021-08-05T15:23:51.3927642Z	4472503.0	0.0057442	SELL
2021-08-05T15:23:51.3927642Z	4472141.0	0.0142558	SELL
2021-08-05T15:23:52.1815153Z	4472403.0	0.1	SELL
2021-08-05T15:23:52.1835148Z	4472403.0	0.02	SELL
2021-08-05T15:23:53.2745297Z	4473098.0	0.02	BUY
2021-08-05T15:23:53.2745297Z	4473325.0	0.01	BUY
2021-08-05T15:23:53.3417416Z	4473325.0	0.05	BUY
2021-08-05T15:23:53.3753337Z	4473325.0	0.01	BUY
2021-08-05T15:23:53.3753337Z	4473325.0	0.043633	BUY
2021-08-05T15:23:53.4089228Z	4473419.0	0.02	BUY
2021-08-05T15:23:53.4414834Z	4473419.0	0.04046509	BUY
2021-08-05T15:23:53.4414834Z	4473540.0	0.03653491	BUY
2021-08-05T15:23:53.4425092Z	4472850.0	0.0297	SELL
2021-08-05T15:23:53.4425092Z	4472304.0	0.05949145	SELL
2021-08-05T15:23:53.4425092Z	4472299.0	0.15	SELL
2021-08-05T15:23:53.4425092Z	4472147.0	0.05954386	SELL
2021-08-05T15:23:53.4425092Z	4472141.0	0.04523549	SELL
2021-08-05T15:23:53.4760894Z	4472141.0	0.01	BUY
2021-08-05T15:23:53.4760894Z	4472141.0	0.1460292	BUY
2021-08-05T15:23:53.9800399Z	4473446.0	0.042	BUY
2021-08-05T15:23:54.1476105Z	4473313.0	0.14838319	SELL
2021-08-05T15:23:54.3742087Z	4473000.0	0.21161	BUY
2021-08-05T15:23:54.558707Z	4473000.0	6.81e-06	BUY
2021-08-05T15:23:54.7275463Z	4473540.0	0.00346509	BUY
2021-08-05T15:23:54.7275463Z	4473550.0	0.02	BUY
2021-08-05T15:23:54.7275463Z	4473700.0	0.02	BUY
2021-08-05T15:23:54.7275463Z	4473700.0	0.02	BUY
2021-08-05T15:23:54.7275463Z	4473700.0	0.02	BUY
2021-08-05T15:23:54.7275463Z	4473749.0	0.01	BUY
2021-08-05T15:23:54.7275463Z	4473781.0	0.01128169	BUY
2021-08-05T15:23:54.7275463Z	4473781.0	0.06046509	BUY
2021-08-05T15:23:54.7275463Z	4473793.0	0.03	BUY
2021-08-05T15:23:54.9399571Z	4473516.0	0.03	BUY
2021-08-05T15:23:54.9399571Z	4473841.0	0.02	BUY
2021-08-05T15:23:55.0813578Z	4473841.0	0.03	BUY
2021-08-05T15:23:55.1150445Z	4473841.0	0.02	BUY
2021-08-05T15:23:55.1150445Z	4473900.0	0.02	BUY
2021-08-05T15:23:55.1150445Z	4473900.0	0.02	BUY
2021-08-05T15:23:55.1150445Z	4473900.0	0.02	BUY
2021-08-05T15:23:55.1150445Z	4473900.0	0.02	BUY
2021-08-05T15:23:55.1150445Z	4474000.0	0.02	BUY
2021-08-05T15:23:55.1150445Z	4474000.0	0.02	BUY
2021-08-05T15:23:55.1150445Z	4474150.0	0.02	BUY
2021-08-05T15:23:55.1150445Z	4474200.0	0.02	BUY
2021-08-05T15:23:55.1150445Z	4474333.0	0.03	BUY
2021-08-05T15:23:55.1150445Z	4474546.0	0.06	BUY
2021-08-05T15:23:55.1150445Z	4474672.0	0.02	BUY
2021-08-05T15:23:55.1150445Z	4474782.0	0.03	BUY
2021-08-05T15:23:55.1150445Z	4474932.0	0.01128015	BUY
2021-08-05T15:23:55.1150445Z	4474932.0	0.06033613	BUY
2021-08-05T15:23:55.1150445Z	4475000.0	0.35838372	BUY
2021-08-05T15:23:55.593438Z	4473304.0	0.03	SELL
2021-08-05T15:23:55.593438Z	4473250.0	0.046	SELL
2021-08-05T15:23:56.1252401Z	4474444.0	0.05	BUY
2021-08-05T15:23:56.1252401Z	4474824.0	0.15	BUY
2021-08-05T15:23:56.3084078Z	4474825.0	0.01	BUY
2021-08-05T15:23:56.6102227Z	4474823.0	0.01	BUY
2021-08-05T15:23:56.6102227Z	4474222.0	0.01	SELL
2021-08-05T15:23:56.7790234Z	4474823.0	0.01	BUY
2021-08-05T15:23:57.6929256Z	4474825.0	0.01	BUY
2021-08-05T15:23:57.6929256Z	4475000.0	0.49	BUY
2021-08-05T15:23:58.9654047Z	4475000.0	0.1	BUY
2021-08-05T15:24:00.7649004Z	4474229.0	0.01	SELL
2021-08-05T15:24:00.7806297Z	4474150.0	0.05	SELL
2021-08-05T15:24:00.7806297Z	4474056.0	0.018	SELL
2021-08-05T15:24:00.9556819Z	4474056.0	0.01	SELL
2021-08-05T15:24:01.4097825Z	4474693.0	0.02	BUY
2021-08-05T15:24:01.4926327Z	4474921.0	0.03	BUY
2021-08-05T15:24:01.4926327Z	4475000.0	0.47	BUY
2021-08-05T15:24:01.4936663Z	4475000.0	0.12	BUY
2021-08-05T15:24:01.4936663Z	4475000.0	0.1	BUY
2021-08-05T15:24:01.5943049Z	4475000.0	0.08	BUY
2021-08-05T15:24:01.96379Z	4475000.0	0.1	BUY
2021-08-05T15:24:01.96379Z	4475000.0	0.18161	BUY
2021-08-05T15:24:02.2403541Z	4474999.0	0.01	BUY
2021-08-05T15:24:02.9448055Z	4475000.0	6.28e-06	BUY
2021-08-05T15:24:02.9448055Z	4475051.0	0.00999372	BUY
2021-08-05T15:24:03.2400311Z	4475051.0	6.28e-06	BUY
2021-08-05T15:24:03.2400311Z	4475350.0	0.01999372	BUY
2021-08-05T15:24:03.9406559Z	4475350.0	6.28e-06	BUY
2021-08-05T15:24:03.9406559Z	4475620.0	0.00999372	BUY
2021-08-05T15:24:04.6097683Z	4475000.0	0.36	BUY
2021-08-05T15:24:04.6097683Z	4475620.0	0.02999771	BUY
2021-08-05T15:24:04.6097683Z	4475700.0	0.02	BUY
2021-08-05T15:24:04.6097683Z	4475887.0	2.29e-06	BUY
2021-08-05T15:24:06.8352812Z	4475887.0	0.01	BUY
2021-08-05T15:24:07.7122614Z	4475887.0	0.01999771	BUY
2021-08-05T15:24:07.7122614Z	4476100.0	0.02	BUY
2021-08-05T15:24:07.7122614Z	4476325.0	0.02	BUY
2021-08-05T15:24:08.1033128Z	4476750.0	0.019	BUY
2021-08-05T15:24:08.6146399Z	4476750.0	0.001	BUY
2021-08-05T15:24:08.6146399Z	4477260.0	0.03	BUY
2021-08-05T15:24:08.6146399Z	4477261.0	0.009	BUY
2021-08-05T15:24:08.6817216Z	4475557.0	0.01	SELL
2021-08-05T15:24:10.5914906Z	4477260.0	0.02	BUY
2021-08-05T15:24:10.5914906Z	4477750.0	0.02	BUY
2021-08-05T15:24:10.5914906Z	4477752.0	0.01	BUY
2021-08-05T15:24:11.0239877Z	4476178.0	0.01	SELL
2021-08-05T15:24:11.0249864Z	4475997.0	0.02	SELL
2021-08-05T15:24:11.0250156Z	4475751.0	0.07	SELL
2021-08-05T15:24:11.4816784Z	4477252.0	0.01	BUY
2021-08-05T15:24:12.7590514Z	4477752.0	0.05	BUY
2021-08-05T15:24:12.7590514Z	4477800.0	0.01	BUY
2021-08-05T15:24:12.7590514Z	4477887.0	0.01	BUY
2021-08-05T15:24:12.7590514Z	4477900.0	0.02	BUY
2021-08-05T15:24:12.7590514Z	4478099.0	0.04	BUY
2021-08-05T15:24:12.7590514Z	4478100.0	0.02	BUY
2021-08-05T15:24:12.7590514Z	4478200.0	0.02	BUY
2021-08-05T15:24:12.7590514Z	4478300.0	0.02	BUY
2021-08-05T15:24:12.7590514Z	4478300.0	0.02	BUY
2021-08-05T15:24:12.7590514Z	4478350.0	0.02	BUY
2021-08-05T15:24:12.7590514Z	4478350.0	0.02	BUY
2021-08-05T15:24:12.7590514Z	4478350.0	0.02	BUY
2021-08-05T15:24:12.7590514Z	4478372.0	0.03	BUY
2021-08-05T15:24:13.5952019Z	4477029.0	0.01	SELL
2021-08-05T15:24:17.0128494Z	4477346.0	0.01	SELL
2021-08-05T15:24:17.0128494Z	4477336.0	0.02	SELL
2021-08-05T15:24:17.0128494Z	4478477.0	0.01	BUY
2021-08-05T15:24:17.1786308Z	4478500.0	0.02	BUY
2021-08-05T15:24:17.1796313Z	4478628.0	0.25920217	BUY
2021-08-05T15:24:17.1796313Z	4478646.0	0.02079783	BUY
2021-08-05T15:24:17.5412937Z	4477565.0	0.01	SELL
2021-08-05T15:24:17.7593296Z	4477432.0	0.04	SELL
2021-08-05T15:24:19.5760469Z	4477602.0	0.01	SELL
2021-08-05T15:24:19.7439029Z	4477602.0	0.01	SELL
2021-08-05T15:24:20.5088311Z	4478320.0	0.02	BUY
2021-08-05T15:24:20.5088311Z	4478401.0	0.273	BUY
2021-08-05T15:24:20.5088311Z	4478402.0	0.007	BUY
2021-08-05T15:24:21.8980224Z	4478325.0	0.1	BUY
2021-08-05T15:24:22.608812Z	4477520.0	0.01	SELL
2021-08-05T15:24:23.5247369Z	4478163.0	0.02	BUY
2021-08-05T15:24:23.9235756Z	4479020.0	0.27	BUY
2021-08-05T15:24:23.9235756Z	4479071.0	0.03	BUY
2021-08-05T15:24:27.0463135Z	4479071.0	0.03044211	BUY
2021-08-05T15:24:27.0463135Z	4479071.0	0.01127366	BUY
2021-08-05T15:24:27.0463135Z	4479147.0	0.1459	BUY
2021-08-05T15:24:27.0463135Z	4479200.0	0.02	BUY
2021-08-05T15:24:27.0463135Z	4479567.0	0.01	BUY
2021-08-05T15:24:27.0463135Z	4479630.0	0.06030831	BUY
2021-08-05T15:24:27.0463135Z	4479666.0	0.02207592	BUY
2021-08-05T15:24:28.3242424Z	4478429.0	0.02	SELL
2021-08-05T15:24:28.3242424Z	4478422.0	0.02	SELL
2021-08-05T15:24:28.3242424Z	4478402.0	0.03	SELL
2021-08-05T15:24:28.3930275Z	4479601.0	0.04	BUY
2021-08-05T15:24:28.3930275Z	4479602.0	0.01	BUY
2021-08-05T15:24:28.5963835Z	4477833.0	0.01	SELL
2021-08-05T15:24:28.5963835Z	4477520.0	0.07	SELL
2021-08-05T15:24:29.7279553Z	4478593.0	0.01	BUY
2021-08-05T15:24:29.7279553Z	4478594.0	0.02	BUY
2021-08-05T15:24:29.7279553Z	4478602.0	0.01	BUY
2021-08-05T15:24:30.2892397Z	4479078.0	0.1596	BUY
2021-08-05T15:24:30.2892397Z	4479185.0	0.01	BUY
2021-08-05T15:24:30.2892397Z	4479219.0	0.0297	BUY
2021-08-05T15:24:30.2892397Z	4479393.0	0.07	BUY
2021-08-05T15:24:30.2892397Z	4479602.0	0.02	BUY
2021-08-05T15:24:30.2892397Z	4479665.0	0.0107	BUY
2021-08-05T15:24:31.0068824Z	4477701.0	0.02	SELL
2021-08-05T15:24:31.0068824Z	4477521.0	0.04	SELL
2021-08-05T15:24:31.1578355Z	4477520.0	0.1	SELL
2021-08-05T15:24:31.1578355Z	4476762.0	0.04	SELL
2021-08-05T15:24:31.1578355Z	4476762.0	0.0107	SELL
2021-08-05T15:24:31.1578355Z	4476627.0	0.01	SELL
2021-08-05T15:24:31.1578355Z	4476530.0	0.0393	SELL
2021-08-05T15:24:31.1885692Z	4477521.0	0.02	SELL
2021-08-05T15:24:31.1885692Z	4476530.0	0.02	SELL
2021-08-05T15:24:31.5510051Z	4476530.0	0.01	SELL
2021-08-05T15:24:32.6078542Z	4477893.0	0.01	BUY
2021-08-05T15:24:32.6078542Z	4477894.0	0.02	BUY
2021-08-05T15:24:32.6078542Z	4478144.0	0.03	BUY
2021-08-05T15:24:32.6078542Z	4476545.0	0.01	SELL
2021-08-05T15:24:32.6582348Z	4476531.0	0.05	SELL
2021-08-05T15:24:32.8260084Z	4478144.0	0.02	BUY
2021-08-05T15:24:32.8260084Z	4478192.0	0.02	BUY
2021-08-05T15:24:33.0476095Z	4478794.0	0.01	BUY
2021-08-05T15:24:33.0476095Z	4478999.0	0.05	BUY
2021-08-05T15:24:34.1313605Z	4478568.0	0.03	BUY
2021-08-05T15:24:34.2722147Z	4478999.0	0.13	BUY
2021-08-05T15:24:34.2722147Z	4479037.0	0.01	BUY
2021-08-05T15:24:34.2722147Z	4479179.0	0.16	BUY
2021-08-05T15:24:34.3225677Z	4478934.0	0.02	BUY
2021-08-05T15:24:35.1173123Z	4477919.0	0.01	SELL
2021-08-05T15:24:35.1173123Z	4477420.0	0.04	SELL
2021-08-05T15:24:35.2897054Z	4478567.0	0.01	BUY
2021-08-05T15:24:36.2387417Z	4479284.0	0.01	BUY
2021-08-05T15:24:37.254272Z	4478017.0	0.03	SELL
2021-08-05T15:24:37.254272Z	4477833.0	0.27	SELL
2021-08-05T15:24:37.2552991Z	4477832.0	0.02	SELL
2021-08-05T15:24:37.2552991Z	4477794.0	0.02	SELL
2021-08-05T15:24:37.2552991Z	4477421.0	0.01328437	SELL
2021-08-05T15:24:37.2552991Z	4477420.0	0.14671563	SELL
2021-08-05T15:24:38.067401Z	4478784.0	0.01	BUY
2021-08-05T15:24:38.067401Z	4479665.0	0.27	BUY
2021-08-05T15:24:38.067401Z	4479666.0	0.00992408	BUY
2021-08-05T15:24:38.067401Z	4479700.0	0.01007592	BUY
2021-08-05T15:24:39.1460888Z	4479691.0	0.02	BUY
2021-08-05T15:24:39.1460888Z	4479700.0	0.00992408	BUY
2021-08-05T15:24:39.2897982Z	4479850.0	0.02	BUY
2021-08-05T15:24:39.2897982Z	4479886.0	0.01	BUY
2021-08-05T15:24:39.2897982Z	4479887.0	0.01	BUY
2021-08-05T15:24:39.5084208Z	4480000.0	0.05	BUY
2021-08-05T15:24:39.6927757Z	4480210.0	0.04	BUY
2021-08-05T15:24:39.7095356Z	4480210.0	0.04728257	BUY
2021-08-05T15:24:40.2087254Z	4480214.0	0.01127366	BUY
2021-08-05T15:24:40.2087254Z	4480214.0	0.06030634	BUY
2021-08-05T15:24:40.4062654Z	4480214.0	3.3e-07	BUY
2021-08-05T15:24:40.4062654Z	4480450.0	0.01999967	BUY
2021-08-05T15:24:40.4062654Z	4480450.0	3.3e-07	BUY
2021-08-05T15:24:40.4062654Z	4480450.0	0.01999967	BUY
2021-08-05T15:24:40.6074514Z	4480450.0	3.3e-07	BUY
2021-08-05T15:24:40.6074514Z	4480488.0	0.06043967	BUY
2021-08-05T15:24:41.5235013Z	4479614.0	0.03	SELL
2021-08-05T15:24:41.5235013Z	4479322.0	0.02	SELL
2021-08-05T15:24:41.5235013Z	4479112.0	0.01	SELL
2021-08-05T15:24:41.5570528Z	4479287.0	0.06	SELL
2021-08-05T15:24:41.5738433Z	4479287.0	0.04	SELL
2021-08-05T15:24:41.5738433Z	4478939.0	0.02	SELL
2021-08-05T15:24:41.6073529Z	4479079.0	0.04	SELL
2021-08-05T15:24:41.6073529Z	4479079.0	0.01	SELL
2021-08-05T15:24:41.6073529Z	4478939.0	0.00326128	SELL
2021-08-05T15:24:41.6073529Z	4478612.0	0.01	SELL
2021-08-05T15:24:41.6073529Z	4478537.0	0.011	SELL
2021-08-05T15:24:41.6073529Z	4478357.0	0.02	SELL
2021-08-05T15:24:41.6073529Z	4478313.0	0.00573872	SELL
2021-08-05T15:24:41.6073529Z	4478313.0	0.01426128	SELL
2021-08-05T15:24:41.6073529Z	4478312.0	0.04573872	SELL
2021-08-05T15:24:41.7590712Z	4480432.0	0.01	BUY
2021-08-05T15:24:41.7590712Z	4480471.0	0.01	BUY
2021-08-05T15:24:41.7590712Z	4480487.0	0.025	BUY
2021-08-05T15:24:41.7590712Z	4480488.0	2.44e-06	BUY
2021-08-05T15:24:41.7590712Z	4480799.0	0.04	BUY
2021-08-05T15:24:41.7590712Z	4480800.0	0.02	BUY
2021-08-05T15:24:41.7590712Z	4480978.0	0.15	BUY
2021-08-05T15:24:41.7590712Z	4480979.0	0.015	BUY
2021-08-05T15:24:41.7590712Z	4481000.0	0.02	BUY
2021-08-05T15:24:41.7590712Z	4481233.0	0.00999756	BUY
2021-08-05T15:24:44.2127098Z	4479298.0	0.01	SELL
2021-08-05T15:24:44.2127098Z	4479298.0	0.01	SELL
2021-08-05T15:24:44.4072482Z	4478779.0	0.02	SELL
2021-08-05T15:24:44.4072482Z	4478778.0	0.028	SELL
2021-08-05T15:24:46.3729263Z	4479445.0	0.05	BUY
2021-08-05T15:24:46.3729263Z	4479859.0	0.1	BUY
2021-08-05T15:24:46.388554Z	4479895.0	0.03	BUY
2021-08-05T15:24:46.3886559Z	4479921.0	0.12	BUY
2021-08-05T15:24:46.8423203Z	4479373.0	0.03	BUY
2021-08-05T15:24:47.206763Z	4479405.0	0.01999	BUY
2021-08-05T15:24:48.8669701Z	4478904.0	0.02	SELL
2021-08-05T15:24:48.8669701Z	4478866.0	0.03	SELL
2021-08-05T15:24:48.8669701Z	4478745.0	0.02	SELL
2021-08-05T15:24:48.8669701Z	4478743.0	0.01	SELL
2021-08-05T15:24:48.8826885Z	4478743.0	0.04	SELL
2021-08-05T15:24:48.9134582Z	4478743.0	0.04	SELL
2021-08-05T15:24:48.9144583Z	4478743.0	0.09	SELL
2021-08-05T15:24:48.9164574Z	4478743.0	0.02	SELL
2021-08-05T15:24:48.9164574Z	4478229.0	0.02	SELL
2021-08-05T15:24:48.9174572Z	4478229.0	0.01	SELL
2021-08-05T15:24:48.9194571Z	4478229.0	0.06	SELL
2021-08-05T15:24:48.9364559Z	4477076.0	0.04	SELL
2021-08-05T15:24:48.9374576Z	4477075.0	0.02	SELL
2021-08-05T15:24:48.9384565Z	4477074.0	0.011	SELL
2021-08-05T15:24:48.9384565Z	4477073.0	0.009	SELL
2021-08-05T15:24:48.9584547Z	4477073.0	0.03	SELL
2021-08-05T15:24:49.1705792Z	4477073.0	0.04	SELL
2021-08-05T15:24:49.1745785Z	4477073.0	0.021	SELL
2021-08-05T15:24:49.1745785Z	4477070.0	0.009	SELL
2021-08-05T15:24:49.7757728Z	4477073.0	0.01	SELL
2021-08-05T15:24:49.7757728Z	4477073.0	0.01	SELL
2021-08-05T15:24:49.7925512Z	4477070.0	0.011	SELL
2021-08-05T15:24:49.7925512Z	4477031.0	0.01	SELL
2021-08-05T15:24:49.7925512Z	4476864.0	0.019	SELL
2021-08-05T15:24:50.2548985Z	4476864.0	0.031203	SELL
2021-08-05T15:24:50.2548985Z	4476864.0	0.034924	SELL
2021-08-05T15:24:50.2548985Z	4476864.0	0.004873	SELL
2021-08-05T15:24:50.2548985Z	4476554.0	0.035127	SELL
2021-08-05T15:24:50.2885283Z	4476554.0	0.024873	SELL
2021-08-05T15:24:50.2885283Z	4476533.0	0.02	SELL
2021-08-05T15:24:50.3388917Z	4477481.0	0.011	BUY
2021-08-05T15:24:50.4397375Z	4478233.0	0.019	SELL
2021-08-05T15:24:50.6242053Z	4476508.0	0.015	SELL
2021-08-05T15:24:50.6410052Z	4476267.0	0.01	SELL
2021-08-05T15:24:50.8746773Z	4475550.0	0.01	SELL
2021-08-05T15:24:50.8746773Z	4475550.0	0.02	SELL
2021-08-05T15:24:50.8746773Z	4475550.0	0.019	SELL
2021-08-05T15:24:50.8924785Z	4475550.0	0.001	SELL
2021-08-05T15:24:50.8924785Z	4475550.0	0.02	SELL
2021-08-05T15:24:50.8924785Z	4475347.0	0.01	SELL
2021-08-05T15:24:50.8924785Z	4475205.0	0.01	SELL
2021-08-05T15:24:50.8924785Z	4475112.0	0.01	SELL
2021-08-05T15:24:50.8924785Z	4475006.0	0.049	SELL
2021-08-05T15:24:50.9092302Z	4475550.0	0.02	SELL
2021-08-05T15:24:51.20143Z	4475830.0	0.09	BUY
2021-08-05T15:24:51.2896054Z	4477255.0	0.027489	BUY
2021-08-05T15:24:51.2896054Z	4477284.0	0.032511	BUY
2021-08-05T15:24:51.3566744Z	4477147.0	0.015	BUY
2021-08-05T15:24:51.3566744Z	4477284.0	0.045	BUY
2021-08-05T15:24:51.5609513Z	4475746.0	0.01	BUY
2021-08-05T15:24:51.661643Z	4475550.0	0.02	SELL
2021-08-05T15:24:51.661643Z	4475550.0	0.02	SELL
2021-08-05T15:24:51.661643Z	4475006.0	0.0009986	SELL
2021-08-05T15:24:51.7120047Z	4474735.0	0.02	SELL
2021-08-05T15:24:51.7613384Z	4475550.0	0.02	SELL
2021-08-05T15:24:51.863225Z	4474418.0	0.03	SELL
2021-08-05T15:24:51.896772Z	4475531.0	0.02	BUY
2021-08-05T15:24:51.9735693Z	4474418.0	0.07	SELL
2021-08-05T15:24:52.0407179Z	4475550.0	0.02	SELL
2021-08-05T15:24:52.188961Z	4475399.0	0.02	BUY
2021-08-05T15:24:52.2967963Z	4474641.0	0.02	BUY
2021-08-05T15:24:52.3135742Z	4474294.0	0.01126494	SELL
2021-08-05T15:24:52.3135742Z	4474294.0	0.06039506	SELL
2021-08-05T15:24:52.3639235Z	4474294.0	2.8e-07	SELL
2021-08-05T15:24:52.3639235Z	4474073.0	0.01	SELL
2021-08-05T15:24:52.3639235Z	4474055.0	0.02	SELL
2021-08-05T15:24:52.3639235Z	4474054.0	0.01999972	SELL
2021-08-05T15:24:52.3807351Z	4474054.0	2.8e-07	SELL
2021-08-05T15:24:52.3807351Z	4473870.0	0.01	SELL
2021-08-05T15:24:52.3807351Z	4473746.0	0.02	SELL
2021-08-05T15:24:52.3807351Z	4473689.0	0.00999972	SELL
2021-08-05T15:24:52.4311419Z	4473689.0	0.04	SELL
2021-08-05T15:24:52.4467697Z	4473689.0	0.01039562	SELL
2021-08-05T15:24:52.4469421Z	4473464.0	0.02960438	SELL
2021-08-05T15:24:52.5153568Z	4475396.0	0.01	BUY
2021-08-05T15:24:52.5153568Z	4475398.0	0.01	BUY
2021-08-05T15:24:52.5489586Z	4475398.0	0.01	BUY
2021-08-05T15:24:52.5993501Z	4473250.0	0.01349129	SELL
2021-08-05T15:24:52.5993501Z	4473117.0	0.02650871	SELL
2021-08-05T15:24:52.716795Z	4473117.0	0.02960438	SELL
2021-08-05T15:24:52.799532Z	4474011.0	0.01	BUY
2021-08-05T15:24:52.7996507Z	4474376.0	0.01	BUY
2021-08-05T15:24:52.8342538Z	4473117.0	0.00425334	SELL
2021-08-05T15:24:52.8342538Z	4473117.0	0.01125955	SELL
2021-08-05T15:24:53.1728653Z	4473775.0	0.02	BUY
2021-08-05T15:24:53.2198654Z	4474239.0	0.02	BUY
2021-08-05T15:24:53.3253267Z	4474373.0	0.01	BUY
2021-08-05T15:24:53.358921Z	4473020.0	0.01	SELL
2021-08-05T15:24:53.3924716Z	4474640.0	0.084	BUY
2021-08-05T15:24:53.4764986Z	4474693.0	0.02	BUY
2021-08-05T15:24:53.694583Z	4474886.0	0.02	BUY
2021-08-05T15:24:53.7449293Z	4474898.0	0.01	BUY
2021-08-05T15:24:53.7449293Z	4475340.0	0.01	BUY
2021-08-05T15:24:53.958691Z	4474941.0	0.01	BUY
2021-08-05T15:24:53.9596906Z	4475340.0	0.01	BUY
2021-08-05T15:24:55.4886966Z	4474388.0	0.01	SELL
2021-08-05T15:24:55.4886966Z	4474385.0	0.01	SELL
2021-08-05T15:24:56.1965337Z	4474385.0	0.02	SELL
2021-08-05T15:24:56.5749746Z	4474382.0	0.03	SELL
2021-08-05T15:24:56.5749746Z	4474382.0	0.02	SELL
2021-08-05T15:24:57.6759015Z	4475058.0	0.01	SELL
2021-08-05T15:24:58.0474766Z	4475048.0	0.01	SELL
2021-08-05T15:24:58.6771367Z	4474499.0	0.05	SELL
2021-08-05T15:24:58.9623002Z	4475055.0	0.01	BUY
2021-08-05T15:24:58.9623002Z	4475057.0	0.27	BUY
2021-08-05T15:24:58.9623002Z	4475058.0	0.02	BUY
